2970 4698
148 293 181 350 ,q
194 292 310 340 Μ,
475 278 647 340 orario
675 277 952 340 ammaim
987 279 1019 340 V.
1289 279 1347 362 1⁶7

147 435 190 502 C.
214 435 353 500 Pansam
368 435 572 501 A.·Hirtium
592 437 739 502 consules
753 439 920 502 venissent
940 449 1058 520 suaque
1076 441 1212 504 nomina
1229 440 1348 506 edidis-

148 550 237 625 sent,
251 541 335 624 quod
357 542 399 604 iis
419 543 593 605 auctoritas
612 551 741 605 senams
760 542 928 626 populique
942 541 1085 605 Romani
1101 543 1230 608 libertas
1250 546 1348 609 caris·

148 646 236 708 sima
257 646 302 707 sit
315 653 349 707 et
363 644 472 728 fuerit,
486 647 691 709 vacationem
706 645 847 709 militiae
870 646 949 728 ipsis
965 645 1134 728 liberisque
1154 666 1264 710 eorum
1279 667 1349 712 esse

147 747 274 832 placere
304 757 393 812 extra
421 748 594 812 tumultum
622 747 785 812 Gallicum
814 747 1037 833 italicumque,
1062 767 1177 832 easque
1207 750 1349 832 legiones

147 850 236 913 bello
246 849 395 914 coniecto
405 852 520 916 missas
530 849 598 915 fieri
610 851 755 936 placere3
776 863 990 934 quantamque
1005 853 1176 936 pecuniam
1191 853 1349 918 militibus
1362 868 1376 921 5

147 968 260 1016 earum
288 953 451 1038 legionum
476 955 512 1017 in
539 954 681 1038 singulos
707 953 748 1019 C.
775 953 907 1042 Caesar,
933 955 1090 1039 pontifex,
1120 975 1177 1040 pro
1205 965 1348 1040 praetore

148 1057 312 1140 pollicitus
335 1058 390 1141 sit,
413 1057 538 1121 mutam
562 1057 631 1121 dari
654 1057 800 1141 placere:
824 1059 934 1140 utique
960 1056 1001 1121 C.
1025 1056 1130 1122 Pansa
1153 1059 1194 1139 Α.
1219 1059 1349 1124 Hirtius

147 1157 309 1243 consules,
331 1159 412 1223 alter
432 1161 580 1245 ambove,
602 1162 630 1224 si
653 1162 702 1224 eis
724 1159 894 1244 videretur,
908 1161 1069 1224 rationem
1090 1163 1158 1243 agri
1182 1161 1349 1246 haberent,

145 1263 204 1344 qui
219 1264 291 1326 sine
306 1264 426 1326 iniuria
445 1265 640 1346 privatomm
659 1263 762 1326 dividi
782 1273 900 1347 posset,
916 1265 1018 1345 iisque
1039 1264 1209 1349 militibus,
1227 1265 1348 1347 legioni

147 1363 289 1428 Martiae
325 1375 358 1428 et
385 1367 506 1451 legioni
535 1375 665 1450 quartae
702 1368 750 1430 ita
777 1365 890 1430 darent
922 1365 1138 1450 adsignarent,
1168 1376 1204 1428 ut
1234 1368 1349 1449 quibus
1364 1389 1395 1426 ιο

148 1469 309 1532 militibus
333 1470 531 1554 amplissime
552 1469 620 1534 dati
643 1470 804 1553 adsignati
826 1477 944 1532 essent.
989 1467 1068 1532 Dixi
1095 1468 1135 1532 ad
1161 1488 1201 1531 ea
1225 1471 1349 1553 omnia,

147 1572 310 1656 consules,
325 1572 365 1635 de
378 1575 492 1657 quibus
513 1573 701 1637 retmlistis:
721 1591 801 1655 quae
817 1574 845 1635 si
861 1581 954 1635 erunt
968 1573 1040 1634 sine
1061 1590 1150 1635 mora
1165 1581 1349 1655 matureque

146 1675 288 1759 decreta,
303 1675 429 1742 facilius
445 1678 640 1760 apparabitis
662 1695 712 1760 ea,
726 1694 807 1758 quae
825 1685 950 1758 tempus
971 1684 1004 1737 et
1019 1675 1195 1740 necessitas
1215 1675 1348 1760 flagitat.

147 1777 329 1843 Celeritate
350 1789 457 1843 autem
480 1799 557 1864 opus
580 1789 649 1843 est:
670 1797 733 1862 qua
753 1781 783 1842 si
805 1797 946 1842 essemus
968 1781 1029 1862 usi,
1049 1778 1180 1863 bellum,
1200 1789 1235 1842 ut
1253 1797 1348 1864 saepe

145 1882 228 1966 dixi,
244 1869 372 1945 nullum¹
381 1882 578 1946 haberemus.
1361 1895 1390 1950 ¹⁵

182 2125 204 2161 1.
229 2113 395 2164 Edidisseut.
435 2112 466 2160 So
487 2113 528 2161 the
552 2113 649 2162 vatican
672 2112 722 2162 MS.
773 2111 1077 2178 dischargedfromiurther
1088 2110 1188 2161 service!

132 2178 722 2291 *fupssbivyaap‘llominisedendlapudoon-
808 2190 845 2227 ro.
864 2179 900 2227 Ut
920 2179 1016 2242 quibus
1037 2179 1181 2228 militibus.
1209 2176 1244 2225 Sc.
1264 2177 1304 2224 ‘nt
1321 2176 1349 2224 iu

771 2243 881 2294 militibus
897 2245 945 2292 dati
962 2251 1035 2292 ment
1050 2245 1130 2306 quibus
1146 2242 1284 2304 amplissime
1300 2241 1348 2290 dati

179 2323 204 2371 4.
223 2310 390 2359 Tumultum.
424 2307 638 2372 Soe8.1,3note.
771 2310 863 2358 euent'
903 2306 1347 2372 Cp.·Eoiure.quoquioptimo'e.

180 2387 204 2436 5.
223 2375 321 2423 Missas
347 2376 419 2432 fieri,
442 2374 543 2422 ‘should
565 2375 594 2422 be
616 2383 641 2424 at
661 2389 720 2424 moe
773 2372 862 2437 16‚45.
