2868 4700
7 319 9 338 Ι
89 229 247 287 ,μυ-κ
423 223 592 286 onrrro
620 225 890 288 rnrrrrrrcl
916 227 964 288 rr.
1248 227 1290 312 ⁶5

87 381 129 442 rei
144 381 300 464 publicae
315 383 518 468 prohibuisti,
535 404 636 468 neque
650 385 763 468 semel,
778 385 834 449 sed
849 386 998 470 saepius?
1013 404 1117 468 neque
1132 395 1168 449 tu
1181 394 1289 450 tecum

86 483 274 548 desenatus
288 489 482 551 auctoritate
500 490 550 571 agi
573 507 682 572 passus
703 489 760 552 es?
804 487 892 575 Qld
914 499 1023 552 autem
1044 489 1208 573 agebatur,
1224 491 1288 554 nisi

85 605 123 647 ne
149 587 256 650 deleri
283 595 318 651 et
339 592 443 652 everti
472 610 540 653 rem
562 593 723 676 publicam
744 591 887 655 funditus
909 592 1019 676 velles,
1033 611 1107 656 cum
1130 601 1162 656 te
1185 611 1288 675 neque

83 692 248 774 principes
275 693 422 756 civitatis
444 693 584 778 rogando
610 713 712 778 neque
736 697 873 758 maiores
896 705 974 760 natu
996 694 1159 759 monendo
1185 715 1287 778 neque

81 792 233 876 frequens
248 805 381 860 senatus
395 798 519 881 agendo
529 798 568 860 de
580 799 713 862 vendita
727 809 821 881 atque
837 797 965 862 addicta
979 800 1143 861 sententia
1159 816 1287 861 movere
1301 823 1315 874 5

82 898 213 979 potuit?
259 897 348 962 Tum
374 899 452 962 illud
485 902 595 964 multis
620 902 712 965 rebus
744 911 821 965 ante
849 903 985 964 tentatis
1014 903 1195 965 necessario
1224 901 1286 963 tibi

82 1000 200 1063 vulnus
217 999 379 1064 inflictum
402 1013 464 1086 est,
477 1005 561 1086 quod
583 1007 694 1088 paucis
716 1013 793 1068 ante
815 1013 860 1087 te,
875 1023 1008 1086 quorum
1031 1004 1203 1068 incolumis
1225 1004 1287 1067 fuit

82 1122 200 1166 uerno:
222 1113 296 1167 turm
318 1114 430 1169 contra
451 1115 485 1170 te
507 1106 598 1171 dedit
618 1126 709 1170 arma
730 1107 783 1170 hic
805 1107 882 1170 ordo
897 1107 1080 1170 consulibus
1096 1107 1287 1189 reliquisque

82 1207 233 1289 imperiis
264 1217 298 1270 et
328 1210 556 1292 potestatibus:
592 1229 674 1294 quae
704 1229 771 1273 non
793 1210 970 1294 effugisses
993 1211 1058 1272 nisi
1081 1218 1115 1272 te
1136 1209 1177 1272 ad
1199 1229 1288 1272 arma

27 1307 238 1374 tecam
276 1313 477 1376 contulisses.
535 1313 599 1397 Tu,
636 1323 683 1396 tu,
714 1314 857 1396 inquam,
885 1313 936 1376 M.
966 1313 1104 1394 Antoni,
1139 1314 1288 1395 princeps
1303 1334 1333 1370 ιο

37 1431 68 1476 ss
80 1411 122 1476 C.
136 1411 278 1476 Caesari
294 1417 406 1478 omnia
420 1416 601 1499 perturbare
622 1417 766 1500 cupienti
789 1433 919 1479 causam
934 1414 1009 1476 belli
1025 1423 1136 1477 contra
1151 1415 1288 1496 patriam

81 1515 250 1579 inferendi
263 1516 392 1580 dedisti.
436 1517 525 1604 Qid
548 1521 638 1582 enim
659 1518 746 1582 aliud
769 1519 825 1581 ille
846 1517 996 1580 dicebat?
1040 1535 1136 1598 quarn
1158 1535 1287 1578 causam

80 1621 132 1681 sui
156 1619 400 1684 dementissimi
420 1623 550 1685 consilii
571 1631 605 1686 et
625 1621 704 1686 facti
727 1620 893 1704 afferebat,
910 1621 974 1682 nisi
995 1619 1079 1701 quod
1098 1620 1287 1684 intercessio

81 1723 248 1805 neglecta,
263 1724 313 1785 ius
334 1724 544 1788 tribunicium
568 1725 739 1808 sublatum,
753 1725 1010 1806 circumscriptus
1029 1743 1050 1786 a
1069 1733 1182 1788 senatu
1202 1732 1287 1787 esset

81 1825 276 1889 Antonius?
333 1827 464 1890 Omitto
490 1846 587 1909 quarn
615 1829 694 1891 haec
722 1827 814 1910 falsa,
843 1845 939 1908 quam
972 1827 1068 1910 levia,
1097 1827 1285 1910 praesertim
1301 1851 1349 1902 ις,

81 1947 160 1992 cum
198 1929 334 1992 omnino
371 1929 458 1993 nulla
493 1951 588 1993 causa
625 1932 709 1994 iusta
745 1931 894 2012 cuiquam
929 1949 999 1992 esse
1036 1931 1137 2013 possit
1173 1937 1286 1992 contra

83 2031 227 2116 patriam
252 2051 341 2096 arma
365 2032 524 2117 capiendi.
535 2033 615 2122 sSed
645 2033 728 2095 nihil
751 2032 791 2096 de
819 2031 980 2098 caesare·
1007 2031 1068 2095 tibi
1092 2041 1180 2094 certe
1208 2049 1287 2093 con-

35 2145 70 2191 ⁵4
83 2133 243 2198 fitendum
257 2143 307 2198 est
321 2155 450 2200 causam
470 2137 736 2219 perniciosissimi
752 2135 828 2198 belli
849 2153 983 2218 persona
1006 2144 1062 2200 tua
1088 2134 1284 2196 constitisse.

83 2237 117 2300 Ο
146 2237 364 2321 miseriore,
383 2239 411 2301 si
441 2239 519 2302 haec
548 2239 716 2322 intelligis,
745 2239 954 2320 miseriorem,
977 2238 1005 2300 si
1027 2255 1094 2299 non
1118 2235 1286 2320 intelligis,

81 2341 145 2402 boc
178 2339 295 2403 litteris
325 2341 483 2425 mandari,
512 2342 573 2405 hoc
610 2343 785 2408 memoriae
815 2341 918 2424 prodi,
947 2339 1040 2403 huius
1064 2341 1111 2401 rei
1141 2357 1183 2401 ne
1213 2357 1285 2421 pos-
1299 2361 1332 2396 ro

80 2445 252 2506 teritatem
265 2442 394 2524 quidem
408 2445 554 2510 omnium
576 2445 773 2508 saeculorum
794 2463 945 2526 umquam
968 2443 1190 2505 immemorem
1206 2441 1285 2524 fore,

80 2546 233 2610 consules
262 2565 302 2609 ex
332 2545 429 2610 ltalia
457 2546 603 2630 expulsos
639 2565 775 2628 cumque
806 2547 849 2608 iis
878 2544 942 2608 Cn.
972 2545 1172 2628 Pompeium,
1202 2542 1285 2624 quod

117 2711 140 2748 t.
166 2699 262 2760 Neque
307 2708 335 2747 tu
379 2708 470 2747 tecum
504 2705 557 2756 dcc,
601 2705 661 2748 ‘nor
710 2699 766 2747 take
777 2713 808 2759 up
819 2712 879 2744 arms
893 2696 1032 2761 againstthe
1044 2705 1102 2743 state
1114 2696 1166 2757 (Ἢ
1182 2695 1285 2742 tribunos

79 2765 160 2812 mutu
172 2781 220 2827 you
234 2765 301 2811 allow
316 2765 357 2812 the
372 2765 472 2829 opening
488 2766 516 2812 of
530 2780 575 2827 any
589 2781 661 2829 nego-
710 2764 789 2826 plebis.
809 2778 836 2810 es
855 2778 878 2810 re
897 2777 926 2809 ex
944 2763 1038 2809 civitate
1057 2761 1169 2822 expulsos,
1181 2761 1205 2806 in
1223 2774 1285 2806 suam

78 2831 179 2878 tiationa
197 2830 255 2877 trith
271 2829 375 2891 yourseli'
388 2831 461 2878 about
476 2830 604 2895 upholdiog
621 2831 661 2877 the
711 2830 850 2893 dignitatem
868 2827 1008 2874 restitueret'
1020 2825 1046 2873 B.
1062 2826 1089 2873 C.
1105 2837 1125 2872 1.
1141 2837 1181 2886 3²,
1192 2825 1227 2886 5).
1240 2826 1285 2872 and

78 2895 205 2957 authority
216 2896 244 2942 oi
252 2895 292 2941 tbe
304 2905 389 2950 miste,
400 2895 492 2959 though
508 2896 537 2942 all
552 2896 602 2943 that
614 2909 661 2942 was
711 2897 729 2942 it
741 2909 788 2941 sess
799 2909 830 2940 no
842 2895 914 2940 doubt
930 2891 1002 2940 useful
1019 2901 1045 2938 to
1062 2890 1111 2938 him
1126 2905 1150 2938 as
1167 2891 1286 2950 apopular

80 2961 219 3024 soughtsras
226 2961 278 3007 that
284 2975 331 3021 you
339 2959 419 3007 should
426 2970 520 3008 consent
528 2971 569 3008 not
576 2961 661 3021 utterly
710 2975 759 3022 cry,
776 2959 897 3021 especially
913 2973 937 3004 as
954 2958 993 3005 the
1010 2966 1088 3004 senate
1104 2971 1166 3003 seern
1182 2963 1208 3002 to
1225 2955 1285 3004 have

80 3037 107 3074 to
118 3025 264 3087 destroytbe
280 3027 365 3072 statez'
384 3040 416 3072 ne
427 3025 598 3082 velles,‘that
613 3041 661 3087 you
710 3027 769 3073 been
792 3025 928 3085 technioslly
951 3024 975 3070 in
997 3023 1037 3070 the
1058 3036 1157 3086 wrong:
1185 3023 1226 3068 but
1249 3021 1285 3069 his

81 3092 161 3138 would
186 3099 228 3137 not
246 3099 311 3138 exest
328 3105 388 3152 your
406 3092 526 3154 sorereign
545 3091 592 3137 will
615 3091 661 3137 and
711 3091 814 3138 couosels
830 3105 890 3136 were
908 3089 977 3136 based
994 3103 1025 3136 oo
1043 3089 1123 3148 deeper
1139 3087 1208 3134 riews
1227 3086 1285 3134 than

81 3157 202 3217 plasme!
711 3155 764 3213 this,
779 3155 824 3202 and
841 3171 865 3202 as
876 3154 982 3201 Plutarch
999 3168 1057 3214 says,
1071 3153 1127 3202 Ant.
1139 3168 1160 3200 c.
1172 3149 1188 3200 6
1206 3153 1284 3200 sarira

114 3233 139 3282 5.
163 3220 290 3285 Ageudo.
316 3222 363 3282 ‘by
386 3219 414 3268 its
439 3221 566 3282 attenrpted
591 3235 663 3284 nego·
710 3219 785 3268 πάλαι
796 3218 898 3280 δεομένῳ
908 3215 1049 3281 προφάσεως
1060 3217 1146 3279 σχῆμα
1159 3215 1285 3276 suithes

81 3287 194 3339 tiationa'
206 3285 285 3333 rather
295 3284 351 3332 than
363 3286 411 3348 ‘by
423 3285 463 3333 the
479 3285 579 3348 severity
591 3287 620 3332 of
632 3287 662 3332 its
712 3285 817 3347 εὐπρεπῆ
829 3285 874 3332 τοῦ
883 3281 989 3342 πολέμου
998 3280 1129 3344 παρέσχεν.

81 3353 211 3399 messores!
747 3361 785 3411 14.
802 3350 847 3396 lus
868 3347 1051 3396 tribunicium
1075 3347 1225 3402 sublatum,
1242 3355 1285 3393 not

105 3417 237 3470 addicta.
245 3415 325 3479 ‘given
331 3425 415 3462 ovetto
421 3415 461 3462 the
467 3415 558 3479 highest
567 3416 661 3463 biddert'
711 3416 767 3476 only
779 3415 811 3476 by
822 3415 928 3478 ignoring
945 3414 1004 3461 their
1015 3423 1078 3467 veto,
1090 3414 1132 3459 but
1150 3413 1181 3474 by
1196 3413 1285 3458 threat-

82 3482 251 3542 ep.Verr.Act.
262 3493 283 3528 s.
291 3477 456 3542 3.63‚148¹Si
463 3480 537 3528 doceo
544 3481 661 3542 aliquanto
711 3481 781 3544 ming
800 3479 838 3526 the
855 3482 954 3541 sanctity
973 3480 1002 3526 os
1017 3479 1078 3526 their
1096 3492 1197 3538 persons.
1240 3476 1284 3536 Cp.

83 3547 152 3608 pluris
163 3547 266 3608 potuisse
283 3545 381 3592 vendere
398 3559 472 3606 neque
489 3546 625 3593 iisvoluisse
639 3555 661 3593 te
711 3545 772 3606 Livy
786 3557 807 3592 s.
821 3557 865 3606 33:
888 3545 984 3606 Dionys.
997 3553 1019 3605 7.
1034 3553 1072 3606 17.

82 3613 195 3666 sddioem
207 3611 246 3672 qui
257 3621 338 3658 contra
350 3611 477 3672 Apronium
488 3610 624 3658 licerentur!
744 3610 995 3670 circumscriptus.
1024 3607 1167 3668 ‘hampered
1195 3605 1219 3652 in
1244 3604 1285 3652 the

115 3687 138 3738 7,
161 3677 277 3730 Vulnus,
311 3677 357 3722 viz.
391 3675 433 3722 the
465 3676 553 3732 deeree,
585 3677 659 3723 'dent
711 3673 996 3735 exerciseoihispower!
1038 3671 1285 3734 Cp.13.9.19'l’a·

82 3755 177 3804 operam
195 3742 307 3796 cumules,
329 3749 452 3804 praetores,
471 3741 557 3788 tribuni
579 3741 658 3802 plebis,
707 3750 757 3788 rats
769 3741 796 3788 de
807 3740 1012 3787 circumscribendo
1021 3739 1163 3785 adolescente
1174 3737 1285 3783 sententia

83 3809 169 3870 quique
190 3807 321 3853 cumulares
343 3815 395 3854 sunt
423 3807 452 3852 ad
475 3807 555 3854 urbem
583 3806 659 3868 (these
708 3805 829 3853 consularis
837 3804 850 3858 ;'
867 3805 912 3851 and
932 3819 974 3865 pro
995 3805 1046 3850 Mil.
1063 3814 1102 3864 33.
1118 3801 1150 3850 88
1168 3802 1285 3856 'Senatus

82 3873 152 3936 being
181 3871 294 3932 “reliqua
317 3871 454 3932 imperia'').
481 3885 509 3918 ne
542 3873 597 3933 quid
624 3885 659 3918 res
708 3871 784 3926 medo.
817 3881 945 3932 praetorem
978 3884 1032 3917 uum
1062 3867 1285 3927 circummipnnet:

83 3939 173 3998 publica
197 3937 328 3983 detrimenti
350 3935 439 3997 uspiat'
461 3936 526 3984 Caes.
545 3937 571 3984 Β.
587 3936 615 3985 0.
638 3946 659 3983 r.
709 3937 798 3984 'wotdd
816 3935 876 3982 have
896 3936 976 3982 senced
996 3933 1171 3988 inclodius.so
1187 3931 1238 3979 that
1254 3933 1285 3980 he

84 4013 106 4063 5.
125 4015 159 4064 3:
183 4015 220 4062 cp.
240 4001 307 4049 Fam.
327 3998 365 4049 16.
382 4013 419 4056 rr.
435 4015 457 4061 3.
497 4002 554 4050 'I'bis
573 4016 660 4063 power,
709 4000 789 4049 should
802 4009 842 4047 not
853 4002 938 4048 exceed
950 4000 985 4047 his
995 3998 1097 4061 powers!

84 4067 167 4115 Cicero
178 4065 374 4128 asyshadneser
387 4067 538 4115 beforebeen
553 4069 621 4130 §ven
634 4075 659 4113 to
745 4064 782 4113 18.
802 4067 922 4113 Persona
944 4074 998 4113 tus.
1032 4063 1113 4112 Sothe
1125 4063 1222 4109 Vaticsn
1235 4061 1285 4108 MS.

84 4131 123 4180 tbe
138 4131 236 4180 consuls
250 4129 351 4179 without
365 4132 529 4196 provingiatal
547 4143 572 4180 to
591 4130 657 4180 those
707 4131 749 4192 Op.
769 4143 791 4192 3.
809 4131 832 4185 8.
857 4143 886 4194 19
909 4137 978 4177 'cum
1001 4145 1029 4178 eo
1050 4129 1095 4192 (sc.
1117 4125 1209 4174 interitu
1231 4123 1284 4184 tuo)

84 4196 468 4260 againstsrbomitwssdirected.
708 4196 970 4245 salus...eonsisteret.'
1003 4195 1070 4257 vulg.
1083 4191 1244 4252 ‘inpersona’

120 4275 158 4310 ra.
176 4261 302 4310 Causanr.
324 4262 407 4310 Caesar
419 4261 662 4322 himselialleestbis
745 4273 783 4324 19.
800 4261 823 4308 0
845 4261 974 4307 miserum
998 4269 1034 4306 te.
1067 4254 1227 4316 Seec.7.16.

85 4325 372 4390 objectaruongstothers
389 4327 440 4374 that
456 4277 617 4374 indueeditim
634 4337 660 4374 to
747 4324 971 4381 sa.Pompeium,
998 4319 1070 4378 quod
1100 4319 1192 4363 lumen
1222 4317 1283 4360 luit.

1095 4407 1112 4449 F
