2970 4700
154 227 215 292 288
487 229 536 290 M.
567 227 729 290 TULLII
756 228 1011 292 CICERONIS
1215 259 1260 298 ω,
1273 245 1353 296 ι-ο,

152 389 314 456 habendus
342 399 403 472 est,
427 389 483 472 qui
512 387 609 451 civile
636 389 754 452 bellum
778 391 987 473 concupiscit.
1038 388 1098 454 Sed
1122 391 1183 452 hoc
1208 389 1349 472 primum

150 492 325 558 videndum
346 501 407 574 ast,
428 501 534 576 patres
555 493 740 576 conscripti,
761 511 835 556 cum
857 493 1048 556 omnibusne
1071 511 1131 576 pax
1153 511 1225 555 esse
1250 493 1354 578 possit

151 617 193 662 an
220 598 264 660 sit
288 595 417 680 aliquod
446 594 565 658 bellum
596 595 803 679 inexpiabile,
828 596 953 678 inquo
983 595 1090 678 pactio
1114 597 1204 678 pacis
1231 593 1284 656 lex
1310 593 1353 655 sit

151 699 325 764 servitutis.
364 697 480 762 Pacem
494 715 567 760 cum
577 697 732 782 Scipione
742 696 829 762 Sulla
842 697 912 760 sive
927 697 1066 760 faciebat
1081 699 1151 760 sive
1165 697 1353 777 simulabat,
1463 693 1466 774 l

125 823 219 874 anon
244 811 313 866 erat
336 801 577 885 desperandum,
600 802 629 864 si
655 801 872 884 convenisset,
895 799 963 864 fore
986 801 1126 884 aliquem
1149 801 1355 864 tolerabilem

151 917 271 970 statum
292 905 448 968 civitatis.
490 902 603 968 Cinna
624 905 652 966 si
675 903 880 968 concordiam
905 923 979 968 cum
1001 903 1142 967 Octavio
1163 903 1355 966 conlimrare

151 1009 316 1090 voluisset,
329 1007 472 1070 mm
485 1007 517 1068 iu
536 1029 568 1068 re
583 1005 699 1088 publica
718 1007 832 1068 sanitas
846 1029 993 1069 manere
1009 1008 1157 1088 parsisses.
1200 1005 1355 1069 Proximo

151 1111 236 1175 bello
270 1111 300 1174 si
336 1109 457 1192 aliquid
494 1110 534 1173 de
566 1127 692 1173 summa
727 1109 886 1194 gravitate
920 1107 1102 1193 Pompeius,
1139 1109 1276 1172 multum
1314 1109 1356 1172 de
1464 1095 1467 1204 l

151 1213 326 1300 cupiditate
349 1211 470 1280 Caesar
493 1213 680 1295 remisisset,
700 1221 733 1276 et
758 1229 869 1296 pacem
894 1212 1045 1276 stabilem
1066 1221 1099 1276 et
1120 1212 1261 1296 aliquam
1285 1231 1354 1274 rem

110 1319 312 1404 „pluriam
335 1315 429 1380 nobis
452 1315 566 1380 nabere
591 1315 744 1382 licuisset.
788 1313 863 1378 noc
885 1333 963 1378 vero
985 1313 1062 1398 quid
1084 1315 1158 1378 esta
1184 1334 1258 1378 mm
1283 1312 1392 1378 naa
1463 1263 1467 1376 l

151 1423 253 1488 toniis
290 1440 350 1505 pax
384 1429 488 1504 potest
517 1419 614 1482 esse?
651 1437 724 1481 mm
752 1417 947 1501 censorino,
979 1416 1144 1502 Ventidio,
1174 1416 1354 1502 Trebellio,
1463 1405 1467 1492 Ι

153 1525 272 1609 Bestia,
288 1523 429 1606 Nucula,
446 1520 612 1604 Munatio,
628 1519 788 1604 Lentone,
804 1519 910 1584 Saxa?
954 1519 1102 1604 Exempli
1122 1539 1219 1584 causa
1236 1539 1356 1604 paucos

153 1629 341 1693 nominavi:
375 1643 474 1710 genus
503 1623 667 1687 infinitum
698 1623 999 1705 immanitatemque
1025 1624 1087 1707 ipsi
1114 1625 1251 1687 cernitis
1279 1623 1356 1686 reli-

152 1748 295 1814 quorum.
338 1726 458 1792 Addite
481 1727 538 1790 illa
563 1725 728 1811 naufragia
748 1723 898 1792 Caesaris
919 1727 1109 1810 amiconrm,
1134 1725 1251 1790 Barbas
1272 1726 1386 1792 Casa

109 1854 138 1905 ¹⁵
152 1833 230 1914 sios,
254 1829 430 1914 barbatios,
453 1829 637 1912 Polliones,
666 1828 775 1893 addite
800 1829 940 1892 Antonii
963 1828 1136 1894 collusores
1158 1839 1192 1892 et
1217 1829 1356 1910 sodales,
1466 1871 1468 1934 4

152 1931 369 2017 Eutrapelum,
391 1932 527 2014 Melam,
548 1931 711 2016 Coelium,
734 1931 946 2015 Crassicium,
968 1931 1140 2016 Tironem,
1165 1931 1356 2017 Mustelam,
1462 1940 1469 1992 i

153 2036 347 2102 Petissium:
380 2036 572 2100 comitatum
598 2036 754 2118 relinquo,
777 2033 873 2099 duces
899 2037 1045 2100 nomino.
1093 2035 1170 2100 Huc
1194 2037 1355 2100 accedunt
1466 2013 1469 2094 l

154 2139 296 2204 Alaudae
314 2139 474 2222 ceterique
489 2138 646 2221 veterani,
665 2138 876 2201 seminarium
897 2137 1040 2201 iudicum
1059 2137 1207 2202 <lemnae
1227 2141 1356 2222 tertiam

153 2245 209 2326 qui
237 2243 303 2306 suis
332 2243 424 2306 rebus
452 2240 624 2324 exhaustis,
650 2239 814 2304 beneficiis
838 2239 988 2305 Caesaris
1012 2241 1186 2325 devoratis,
1210 2241 1357 2305 fomxnas
1466 2259 1469 2290 ι

110 2371 142 2410 ιο
155 2355 280 2410 nostras
309 2346 571 2428 concupivenrnt.
630 2341 662 2406 0
690 2341 787 2405 fidam
824 2343 988 2407 dexteram
1018 2343 1170 2429 Antonii,
1199 2362 1263 2427 qua
1301 2345 1386 2408 illes
1469 2348 1470 2388 l

155 2449 307 2534 plurimos
335 2449 424 2512 cives
450 2443 642 2510 trucidavit!
674 2463 697 2507 o
722 2453 826 2508 ratum
852 2445 1097 2529 religiosumque
1123 2447 1246 2530 foedus,
1271 2449 1357 2530 quod

154 2569 228 2615 cum
259 2551 414 2614 Antoniis
445 2547 636 2612 fecerimus!
691 2545 766 2610 Hoc
801 2549 831 2610 si
860 2546 991 2612 Marcus
1019 2549 1142 2614 violare
1174 2553 1356 2636 conabitur,
1468 2553 1470 2564 ⁴

156 2653 247 2717 Lucii
275 2671 349 2716 eum
374 2653 530 2716 sanctitas
555 2670 576 2713 a
601 2650 718 2712 scelere
742 2651 916 2714 revocabit.
970 2651 1040 2716 Illis
1066 2653 1153 2716 locus
1178 2656 1207 2716 si
1234 2655 1270 2716 in
1297 2655 1357 2718 hac

154 2758 230 2820 urbe
256 2755 364 2838 fuerit,
391 2755 453 2840 ipsi
480 2753 549 2816 urbi
576 2753 663 2816 locus
687 2771 754 2816 non
781 2752 853 2816 erit.
898 2751 966 2816 Ora
990 2755 1083 2820 vobis
1106 2775 1216 2818 eorum
1243 2760 1357 2840 ponite

110 2883 140 2934 ιι
155 2869 231 2924 ante
255 2859 362 2924 oorlos
386 2867 420 2921 et
443 2857 583 2920 maxime
605 2854 845 2937 Antoniorum,
874 2856 1048 2941 incessum,
1069 2857 1266 2943 adspectum,
1289 2861 1359 2923 vul.

156 2971 237 3046 tum,
258 2962 428 3046 spiritum,
450 2961 551 3023 latera
570 2965 717 3040 tegentes
736 2955 830 3040 alios,
848 2958 929 3022 alios
949 2961 1204 3044 praegredientes
1221 2964 1358 3026 amicos.

190 3147 213 3196 3.
229 3135 326 3184 Pactio
346 3135 430 3198 pacis,
442 3137 494 3190 dac,
507 3140 546 3180 ‘to
554 3137 732 3180 cometoterms
782 3128 863 3178 heroes
874 3145 910 3178 ve
921 3129 981 3180 hare
992 3132 1063 3180 heard
1074 3133 1161 3181 belom.
1194 3133 1237 3181 See
1248 3133 1332 3183 lndex.

156 3202 185 3248 oi
193 3215 263 3260 peace
275 3201 293 3247 is
304 3203 346 3248 bnt
362 3209 388 3248 to
402 3213 454 3260 psas
469 3215 483 3246 a
499 3199 544 3245 law
555 3196 676 3258 ordxining
689 3209 732 3242 our
817 3207 854 3257 13.
874 3197 966 3246 Genus
981 3199 1134 3254 inlinitum,
1145 3196 1197 3255 dre..
1210 3198 1263 3247 'the
1275 3209 1359 3248 count·

156 3262 262 3324 slavery!
782 3261 824 3308 lesa
835 3260 894 3308 tribe
905 3263 951 3308 and
962 3277 1047 3327 ravage
1058 3264 1146 3325 cruelty
1157 3264 1185 3310 of
1193 3263 1234 3310 the
1244 3265 1307 3312 resa·

190 3343 213 3386 a.
230 3327 300 3376 Cum
320 3328 450 3387 Scipione
470 3327 553 3375 Sulla.
586 3326 628 3374 See
643 3335 680 3372 ιι.
694 3334 732 3379 11.
817 3337 855 3387 14.
874 3325 1025 3404 Naufraqia
1044 3329 1101 3376 does
1117 3337 1159 3376 not
1176 3342 1263 3390 appear
1282 3339 1309 3377 to
1329 3331 1360 3378 be

159 3401 189 3454 27
201 3401 264 3439 note.
781 3391 837 3438 used
848 3391 970 3440 elsewhere
981 3407 1005 3440 ιιι
1016 3393 1062 3441 this
1072 3403 1179 3441 concrete
1190 3395 1359 3454 metaphorical

193 3470 214 3517 7.
233 3456 348 3511 Sanitss.
359 3452 412 3510 dec..
423 3459 492 3501 ‘men
508 3452 584 3515 might
600 3451 661 3500 have
677 3467 733 3513 con-
781 3469 852 3511 aare,
863 3455 940 3503 olibe
951 3471 1005 3504 men
1015 3458 1070 3506 who
1086 3458 1131 3506 bad
1142 3460 1211 3507 made
1227 3459 1359 3522 ahipareek

157 3521 236 3570 tinued
252 3520 277 3566 in
294 3535 307 3567 a
324 3519 420 3581 healthy
436 3527 495 3566 state
511 3517 591 3564 within
611 3517 651 3565 the
668 3531 732 3564 com-
781 3521 810 3568 οἱ
828 3519 889 3568 their
911 3521 1021 3577 fortunas.
1043 3523 1133 3588 monqh
1155 3525 1287 3586 hequmtly
1308 3541 1360 3573 em·

158 3582 316 3635 monwealth.’
349 3581 638 3633 ilalinthinksthatthese
648 3583 731 3638 words,
781 3585 866 3647 ployed
887 3585 924 3634 ior
943 3587 984 3635 the
1002 3587 1081 3636 vreck
1099 3589 1165 3636 itsell.
1206 3588 1249 3650 Cp.
1273 3601 1311 3637 ta.
1335 3590 1360 3646 Β.

157 3651 234 3700 which
246 3666 285 3699 are
299 3650 355 3714 only
366 3649 438 3698 found
453 3649 477 3696 in
491 3649 532 3696 the
548 3649 637 3712 margin
649 3647 678 3694 oi
691 3647 731 3695 the
784 3661 821 3713 tp.

157 3717 254 3765 Vatican
266 3715 546 3774 MS.,areanawkward
563 3713 735 3775 conjectureol'
816 3711 854 3762 16.
880 3715 1066 3777 Eutrapelum.
1099 3719 1125 3766 P.
1144 3719 1290 3774 Volumnius,
1318 3721 1360 3768 the

157 3799 171 3830 a
188 3783 245 3830 later
259 3782 349 3843 copyist
367 3790 392 3829 tc
409 3781 490 3843 supply
506 3796 521 3828 a
537 3780 631 3842 missing
648 3779 731 3826 clause.
781 3779 866 3827 former
877 3780 942 3828 lover
952 3783 982 3828 oi
994 3783 1168 3846 Cytheria(see
1179 3799 1211 3831 on
1224 3797 1246 3832 a.
1257 3797 1296 3846 ²4·
1308 3785 1359 3845 58.)

157 3851 190 3896 As
205 3849 223 3894 it
238 3861 285 3894 was
302 3845 343 3894 the
361 3855 421 3894 state
435 3846 505 3902 itself,
521 3844 597 3893 rather
616 3844 674 3891 than
691 3843 731 3891 tbe
781 3845 884 3892 received
895 3845 942 3893 this
953 3861 1021 3894 name
1032 3863 1067 3896 on
1083 3857 1184 3898 account
1196 3850 1225 3896 of
1238 3849 1275 3897 his
1286 3851 1361 3898 liceli-

157 3914 261 3967 citiaena
273 3910 350 3960 which
361 3911 407 3959 had
418 3911 477 3960 sunk
488 3911 538 3960 into
550 3925 564 3958 a
575 3908 665 3958 morbid
676 3923 732 3956 con·
781 3924 831 3957 near
842 3911 888 3958 and
899 3910 948 3959 vrit

157 3979 239 4033 didon,
256 3976 355 4024 Faunus
371 3977 484 4038 proposed
501 3985 527 4024 to
545 3976 599 4023 read
610 3973 732 4022 ‘omnino'
816 3975 854 4023 18.
874 3975 1067 4033 Seminarium.
1083 3977 1136 4032 ae..
1159 3985 1192 4026 ‘a
1210 3993 1305 4044 narsem
1322 3981 1361 4028 ior

158 4045 194 4092 for
205 4040 357 4090 ‘boninum'
781 4041 927 4102 jurymenoi
934 4041 975 4088 the
986 4041 1049 4091 third
1060 4039 1168 4091 demna?
1199 4043 1242 4092 See
1256 4057 1277 4093 ι.
1289 4045 1312 4102 8,
1328 4057 1360 4094 so

191 4109 214 4158 8.
235 4111 275 4157 De
294 4123 397 4156 summa
416 4107 561 4170 gravitate,
578 4104 616 4150 ‘il'
628 4103 732 4164 Pompey
782 4115 846 4155 note.

159 4167 732 4222 wouldhareabatedsomevrhatol'hisinilexihle
818 4181 855 4234 tp.
882 4173 1034 4221 Beneficiis
1054 4207 1061 4222 .
1081 4208 1087 4222 .
1107 4207 1114 4222 .
1134 4177 1284 4231 devoratis.
1311 4175 1360 4225 &a

158 4237 315 4300 ιοιιιίιιιιιιγ.ι
347 4238 430 4286 &eon
444 4248 466 4284 a.
480 4247 517 4289 ro.
532 4247 570 4295 ιι
781 4234 825 4293 cp.
839 4247 877 4284 ιι.
890 4248 929 4296 ι4,
941 4245 980 4297 37.
1019 4267 1022 4272 .

197 4316 232 4350 ιι.
244 4304 313 4351 Cum
327 4301 493 4353 Censorino.
505 4299 550 4344 &a
583 4296 655 4342 Oiall
667 4294 732 4340 these
817 4295 855 4345 at.
875 4299 972 4347 Latera
1008 4311 1143 4366 tegentes.
1175 4303 1298 4370 'wallting
1327 4307 1360 4368 by
