2970 4700
181 226 246 296 294
519 205 570 270 Μ.
600 204 763 266 rorrrr
788 203 1043 268 crcanonrs
1241 235 1289 277 ω,
1303 222 1397 276 Η,
1462 179 1463 182 ‘

177 369 296 452 locum,
320 368 356 430 in
379 384 475 450 quem
498 383 558 450 ego
577 385 663 450 eum,
685 375 733 450 ut,
751 365 836 449 quod
858 386 878 429 a
901 374 991 450 patre
1007 365 1129 450 accepi,
1146 363 1214 430 idio
1235 365 1393 449 reddam,

177 491 250 538 mea
267 471 492 536 nominatione
512 469 676 554 cooptaho
720 467 843 534 Utrum
864 471 961 554 igitur
979 489 1130 552 augurem
1151 467 1242 534 Iovis
1262 471 1391 554 optimi

177 577 322 658 maximi,
347 575 437 638 cuius
465 575 656 657 interpretes
686 573 943 654 internuntiique
969 574 1139 636 constituti
1168 592 1292 656 sumus,
1320 596 1391 656 uer,

176 689 282 744 utrum
305 678 437 764 populus
459 677 626 742 Romanus
650 675 805 740 libentius
830 678 967 759 sanciet,
989 673 1219 761 Pompeiumne
1242 696 1287 740 an
1313 677 1389 741 An-

148 784 330 854 atonium?
387 781 474 844 Mihi
503 779 634 862 quidem
662 779 797 842 numine
825 778 957 842 deorum
989 781 1220 846 immortalium
1251 779 1389 844 videtur

175 887 235 950 hoc
250 887 390 950 Fortuna
404 883 555 966 voluisse,
572 893 608 946 ut
626 883 710 946 actis
727 881 878 946 Caesaris
895 881 995 946 firmis
1013 902 1052 946 ac
1067 885 1145 946 ratis
1161 882 1225 948 Cn
1241 881 1386 967 Pompei

174 988 258 1052 filius
272 995 378 1072 posset
394 994 427 1049 et
441 985 635 1068 dignitatem
650 994 683 1049 et
699 985 841 1050 fortunas
856 988 975 1070 patrias
990 1005 1181 1070 recuperare.

216 1092 267 1157 Ac
290 1109 332 1152 ne
358 1087 435 1154 illud
455 1087 585 1172 quidem
608 1089 753 1173 silentio,
775 1097 880 1172 patres
900 1091 1087 1174 conscripti,
1108 1087 1424 1173 praetereundumo

174 1203 263 1280 puto,
287 1193 372 1276 quod
402 1193 572 1257 clarissimi
602 1193 665 1256 viri
695 1192 807 1278 legati,
836 1191 873 1256 L.
903 1191 1030 1277 Paulus,
1058 1192 1116 1280 Q
1130 1193 1304 1276 Thermus,
1339 1177 1429 1257 0¹³

131 1299 328 1382 roFannius,
348 1315 482 1381 quorum
504 1296 630 1359 hahetis
651 1297 817 1380 cognitam
839 1295 1040 1360 voluntatem
1061 1298 1097 1360 in
1120 1315 1188 1360 rem
1211 1297 1384 1380 publicam

172 1421 307 1486 earnque
329 1411 513 1487 perpetuam
537 1409 632 1483 atque
658 1408 874 1482 constantem,
897 1402 1061 1484 nuntiant,
1083 1419 1118 1463 se
1139 1398 1272 1484 Pompei
1296 1420 1382 1464 con-

173 1504 328 1570 veniundi
359 1523 453 1570 causa
480 1503 656 1568 devertisse
685 1501 869 1567 Massiliam
902 1523 1037 1586 eumque
1066 1504 1254 1586 cognovisse
1286 1523 1381 1588 para·

172 1609 301 1672 tissimo
318 1609 439 1690 animo,
459 1615 495 1669 ut
509 1625 582 1671 cunr
604 1607 671 1670 suis
691 1607 795 1690 oopiis
815 1608 877 1669 iret
897 1606 937 1669 ad
956 1606 1135 1690 Mutinam,
1156 1607 1191 1670 ni
1212 1617 1381 1670 vereretur

173 1729 214 1772 ne
240 1719 462 1773 veteranorum
488 1711 614 1772 animos
639 1707 826 1772 offenderet.
871 1707 929 1772 Est
954 1728 1030 1772 vero
1055 1711 1125 1773 eius
1150 1711 1250 1793 patris
1278 1709 1379 1793 fiiis,

129 1841 157 1892 ¹⁵
171 1813 225 1895 qui
249 1813 411 1896 sapienter
436 1811 575 1876 faciebat
601 1831 667 1876 non
696 1812 804 1876 minus
828 1812 930 1874 multa
951 1831 1047 1894 quam
1071 1811 1208 1876 fortiter.
1261 1811 1378 1894 Itaque

170 1913 359 1998 intelligitis
379 1923 412 1978 et
433 1916 577 1978 animum
604 1916 635 1978 ei
662 1925 788 2000 praesto
812 1914 912 1978 fuisse
939 1935 999 1980 nec
1024 1916 1195 1980 consilium
1221 1915 1377 1980 definisse.

172 2019 277 2100 Atque
292 2019 393 2082 etiam
408 2017 468 2082 hoc
482 2017 532 2080 M.
548 2017 672 2104 Lepido
686 2018 918 2103 providendum
937 2027 998 2102 est,
1014 2020 1146 2103 nequid
1161 2021 1378 2103 arrogantius,

168 2140 265 2206 quam
286 2123 357 2186 eius
381 2139 485 2185 mores
508 2121 625 2205 ferunt,
652 2121 756 2186 facere
779 2122 934 2186 videatur.
977 2121 1010 2186 Si
1034 2123 1124 2186 enim
1148 2142 1207 2186 nos
1230 2123 1376 2186 exercitu
1388 2135 1420 2182 14

170 2233 280 2310 terret,
301 2244 367 2288 non
391 2225 544 2288 meminit
566 2224 660 2288 illum
681 2227 859 2290 exercitum
885 2235 1013 2290 senatus
1036 2226 1206 2310 populique
1227 2224 1375 2290 Romani

126 2339 264 2412 enatque
286 2317 454 2392 univer‘sae
477 2330 523 2391 rei
545 2328 691 2412 publicae
711 2349 793 2414 esse,
815 2349 882 2392 non
904 2348 1005 2392 suum.
1051 2331 1096 2393 At
1116 2331 1164 2393 uti
1187 2337 1294 2414 potest
1315 2349 1375 2413 pro

169 2453 236 2496 suo.
295 2432 383 2518 Qid
412 2433 511 2496 tum?
546 2433 701 2494 omniane
731 2433 825 2496 bonis
855 2434 946 2517 viris,
975 2451 1055 2514 quae
1085 2433 1190 2496 facere
1226 2441 1374 2516 possunt,
1460 2447 1462 2542 q

168 2535 317 2599 facienda
339 2535 437 2598 sunt?
464 2535 620 2618 etiamne,
640 2535 669 2597 si
689 2537 807 2619 turpia,
822 2537 849 2598 si
871 2537 1051 2619 perniciosa
1073 2537 1189 2600 erunt?
1218 2537 1247 2602 si
1266 2535 1373 2600 facere
1461 2561 1462 2566 ¹

168 2639 304 2702 omnino
327 2657 392 2700 non
413 2637 549 2701 licebit?
592 2637 680 2725 Qid
705 2648 814 2702 autem
837 2639 960 2723 turpius
983 2649 1038 2702 aut
1062 2638 1186 2702 foedius
1208 2647 1263 2702 aut
1286 2639 1373 2722 quod

170 2743 277 2806 minus
297 2742 409 2806 deceat
423 2759 518 2824 quam
540 2749 652 2804 oontra
671 2751 832 2826 senatum,
850 2751 961 2806 contra
982 2743 1082 2826 cives,
1099 2751 1211 2806 contra
1231 2743 1370 2826 patriam

124 2865 155 2915 ²⁵
168 2848 344 2912 exercitum
363 2845 501 2910 ducere?
523 2843 599 2927 quid
614 2863 690 2906 vero
708 2847 811 2928 magis
827 2844 1071 2929 vituperandum
1087 2864 1184 2929 quam
1201 2844 1235 2908 id
1254 2846 1370 2928 facere,

167 2951 250 3035 quod
277 2969 340 3012 non
372 2948 492 3014 liceat?
547 2945 640 3011 Licet
665 2958 774 3012 autem
801 2949 925 3011 nemini
953 2958 1065 3013 contra
1090 2950 1227 3032 patriam
1254 2948 1369 3014 ducere

54 3171 68 3194 ⁸
201 3145 223 3196 3.
245 3131 310 3182 Nos.
349 3131 418 3180 llnlm
438 3143 485 3180 saw
504 3129 556 3180 that
579 3145 643 3178 tome
662 3129 743 3178 altern-
792 3126 1074 3195 wnsgimbimsortbe
1089 3131 1253 3190 mmosue
1269 3135 1367 3189 statam

166 3199 217 3244 tion
239 3213 287 3245 was
309 3197 411 3258 required
439 3198 463 3244 in
491 3197 537 3244 this
560 3205 674 3252 sentence,
696 3197 742 3243 ind
791 3196 917 3260 mag
938 3197 975 3246 the
1013 3195 1091 3246 maol
1111 3197 1163 3244 aed
1181 3212 1233 3246 note
1250 3197 1369 3260 display&

166 3263 288 3324 suggested
300 3261 428 3324 ‘augurem'
441 3261 465 3308 in
476 3261 542 3308 order
553 3272 579 3308 to
596 3269 694 3310 account
706 3262 742 3308 lor
791 3211 1019 3324 ugninrtrlnmaydy
1029 3271 1111 3318 uana,
1121 3262 1225 3320 mamis.
1234 3264 1367 3328 nordpeople

167 3325 207 3372 the
218 3325 302 3371 double
312 3324 419 3380 ‘utrum'
430 3323 507 3371 which
527 3327 617 3372 seemed
634 3335 660 3374 ιο
676 3326 741 3376 show
790 3325 857 3376 uite.

166 3387 218 3436 that
232 3387 271 3434 the
288 3389 393 3436 sanction
410 3389 439 3434 oi
451 3402 516 3435 corne
532 3387 599 3434 other
615 3391 679 3452 body
694 3406 740 3440 wat
823 3406 847 3456 9.
866 3392 983 3456 Legati:
1008 3392 1121 3454 probably
1147 3407 1234 3454 envoyr
1262 3401 1313 3440 sent
1339 3403 1364 3442 to

164 3453 269 3514 required
289 3453 377 3500 herides
395 3452 435 3499 the
455 3452 547 3500 Roman
566 3453 654 3514 people.
688 3455 740 3504 The
788 3457 841 3505 Sex.
859 3457 989 3518 Pompeius,
1007 3467 1048 3505 not
1067 3456 1156 3519 hythe
1174 3466 1259 3514 senate,
1274 3459 1316 3506 but
1333 3459 1364 3521 hy

164 3517 312 3566 emendation
325 3518 348 3564 in
357 3517 396 3564 the
407 3525 464 3574 text,
474 3533 499 3564 su
532 3519 594 3564 ested
603 3518 635 3580 by
643 3519 741 3584 Madvig
790 3521 898 3582 Lepidus,
910 3521 936 3570 L.
948 3523 1030 3570 Paulus
1042 3523 1110 3586 being
1121 3523 1156 3570 his
1166 3521 1267 3570 brother.

165 3583 201 3648 (in
217 3581 297 3644 Jahn'r
313 3583 392 3643 Jahrb.
408 3584 444 3630 ior
460 3583 505 3644 185
524 3617 530 3638 .
544 3598 566 3644 p.
583 3583 650 3645 126),
667 3600 740 3634 temti
825 3599 863 3634 ιι.
876 3588 1040 3636 Massiliam.
1070 3587 1255 3648 Semtuappeert
1269 3595 1295 3634 to
1306 3587 1363 3636 hare

164 3649 297 3712 preferable,
325 3663 350 3695 as
378 3647 444 3696 'not'
476 3649 552 3713 might
583 3650 653 3712 easily
681 3651 740 3698 heve
789 3665 856 3700 come
876 3661 902 3700 to
923 3653 1047 3702 Marcellia
1067 3669 1091 3700 as
1111 3667 1125 3700 a
1143 3653 1280 3700 convenient
1301 3654 1362 3714 place

164 3715 265 3775 dropped
281 3723 330 3771 out,
342 3713 411 3778 being
422 3713 493 3762 taken
510 3715 545 3762 for
559 3715 600 3762 the
613 3715 702 3775 subject
714 3717 744 3764 ot'
789 3717 850 3764 from
862 3717 938 3765 which
955 3725 981 3764 to
993 3718 1069 3766 vatclt
1086 3719 1126 3766 the
1143 3733 1222 3766 course
1235 3719 1264 3765 oi
1277 3728 1362 3774 eveum,

163 3779 297 3894 bcopqetituti
326 3779 426 3892 tutpmb?
454 3781 649 3894 mdffimff
678 3780 739 3894 qulis
788 3782 847 3829 with
856 3783 945 3894 ‘qviper
958 3791 984 3830 to
998 3783 1152 3847 determining
1166 3784 1201 3831 his
1216 3798 1270 3830 own
1287 3785 1361 3847 policy

190 3880 196 3892 .
230 3880 236 3892 .
326 3861 336 3891 s
552 3882 559 3901 ‚
938 3884 944 3896 .

161 3859 628 3976 ὶιιψοιιιιικοθοῃίιιιὲοεξιιοῗίιοιοιιλιιιοοςιιῗ.ε
646 3861 691 3922 ow'
726 3862 739 3894 e
789 3861 1105 3975 ιοοιΟ4ῐ.Ιηιξοᾶιοηηοποιιιε
1139 3913 1180 3960 the
1207 3921 1312 3962 veteram
1338 3916 1364 3961 ol

195 3991 229 4023 cc.
241 3971 264 4031 6.
275 3984 297 4038 7.
314 3975 567 4037 Pompryhinuelswns
575 3975 740 4036 aalydem
787 3977 880 4034 Caesar,
894 3988 920 4026 ιο
937 3978 1016 4026 whom
1033 3978 1068 4027 hit
1084 3995 1140 4041 very
1156 3993 1224 4026 name
1241 3979 1318 4026 vrould
1335 3981 1361 4026 he

158 4041 224 4102 from
234 4041 331 4106 joining
347 4042 371 4088 in
388 4039 424 4087 the
440 4050 523 4088 convert
539 4042 633 4104 against
642 4041 737 4101 antony
787 4044 925 4090 obnoxious.

161 4107 190 4167 ty
204 4108 262 4169 sear
284 4109 314 4168 os
330 4105 449 4170 offerrfflng
463 4104 500 4153 the
514 4116 633 4154 remoue:
649 4123 674 4154 eo
687 4108 737 4156 that
821 4107 859 4156 18.
877 4110 965 4171 Quam
986 4111 1045 4158 eius
1063 4125 1151 4158 mores
1171 4110 1272 4164 lerunt.
1292 4108 1359 4158 ‘than

160 4173 261 4235 lapidae
281 4171 362 4220 would
382 4171 412 4218 do
433 4171 486 4220 well
507 4180 530 4219 ιο
551 4171 680 4220 reconeider
700 4173 736 4220 the
786 4171 1020 4235 incompatiblevith
1032 4175 1140 4236 hieloyal
1152 4171 1289 4223 chnmcter.’
1457 4213 1458 4230 ,

161 4236 736 4300 ηιοιιον,οηᾱιερκία11μοόοιοαηο]ιινοὶηἰιις
821 4250 858 4286 aa.
878 4239 905 4288 Si
925 4249 1012 4288 erunt.
1046 4239 1130 4288 Seeon
1140 4255 1161 4287 c.
1174 4251 1197 4300 3,
1209 4237 1233 4288 6.

159 4299 735 4363 tipowneosarmrouurteamywttcb
1457 4277 1458 4353 l
