2998 4706
162 294 189 350 tl
201 294 316 342 ao-ns.
487 279 659 344 ORATIO
689 281 965 345 PHILIPPICA
992 277 1036 343 X.
1300 295 1359 364 237

161 456 287 504 causam
319 451 411 506 natus
436 443 575 526 videtur,
602 461 643 504 ne
669 443 815 504 omnium
844 442 1027 505 mortalium
1054 443 1254 526 turpissimus
1278 451 1362 503 esset

160 543 210 608 M.
237 545 411 609 Antonius.
457 543 515 610 list
540 563 606 609 una
630 545 824 629 Trebellius,
849 548 903 629 qui
932 546 999 609 iam
1024 564 1098 609 cum
1125 544 1243 609 tabulis
1272 546 1363 608 novis

160 646 244 711 redit
270 649 306 710 in
330 650 480 732 gratiam,
506 648 642 713 Plancus
667 656 700 712 et
727 649 826 712 ceteri
852 667 962 732 pares:
994 649 1048 730 qui
1081 647 1114 710 id
1144 656 1298 732 pugnant,
1327 645 1362 710 id

160 759 271 833 agunt,
284 759 322 814 ut
336 760 450 814 contra
462 770 532 816 rem
546 751 707 836 publicam
717 741 864 816 'restituti
880 771 949 814 esse
964 751 1142 814 videantur.
1179 749 1363 816 sollicitant

160 853 309 918 homines
331 856 499 939 imperitos
519 855 602 920 Saxa
624 864 658 919 et
680 853 777 940 Cafo,
796 856 858 940 ipsi
882 855 994 919 rustici
1017 864 1112 938 atque
1134 863 1287 938 agrestes,
1307 853 1391 936 quii

161 955 244 1021 banc
259 976 328 1020 rem
347 958 510 1042 publicam
531 977 592 1022 nec
606 957 758 1023 viderunt
775 976 926 1041 umquam
946 978 1007 1022 nec
1022 959 1131 1022 videre
1149 959 1363 1022 constitutam

161 1059 287 1144 volunt,
301 1063 356 1145 qui
372 1079 439 1124 non
454 1061 614 1146 Caesaris,
629 1061 685 1125 sed
700 1062 841 1126 Antonii
859 1071 934 1126 acta
947 1061 1136 1147 defendunt,
1151 1081 1230 1146 quos
1244 1063 1364 1126 avertit

161 1165 229 1248 agri
253 1164 415 1250 Campani
440 1165 568 1230 infinita
591 1168 770 1250 possessio:
795 1167 886 1230 cuius
908 1185 963 1230 eos
984 1186 1050 1231 non
1074 1165 1190 1250 pudere
1213 1163 1364 1250 demiror,

103 1269 235 1336 llcum
250 1270 383 1334 videant
405 1289 440 1333 se
462 1272 580 1334 mimos
600 1279 634 1334 et
655 1271 771 1334 mimas
793 1270 909 1334 habere
923 1271 1058 1334 vicinos.
1104 1270 1155 1335 Ad
1177 1271 1234 1334 has
1256 1279 1364 1353 pestes

109 1373 387 1458 saopprimendas
412 1394 468 1436 cur
494 1373 628 1437 moleste
655 1372 793 1436 feramus
818 1373 902 1456 quod
925 1371 976 1436 M.
1002 1369 1089 1436 Bruti
1115 1373 1252 1437 accessit
1276 1387 1410 1435 exer-10

161 1479 273 1542 citus?
311 1477 527 1568 immoderati,
564 1478 671 1561 credo,
700 1477 843 1540 hominis
872 1487 906 1540 et
942 1475 1143 1540 turbulentia
1179 1475 1288 1539 videte
1322 1493 1363 1540 ne

162 1581 303 1644 nimium
341 1581 522 1664 patientis:
558 1583 621 1644 etsi
659 1581 695 1644 in
732 1579 820 1642 illius
852 1581 913 1642 viri
952 1579 1099 1643 consiliis
1135 1588 1230 1662 atque
1267 1578 1364 1644 factis

162 1681 244 1745 nihil
276 1701 337 1746 nec
367 1685 506 1746 nimium
532 1702 593 1746 nec
623 1701 734 1766 parum
763 1701 913 1766 umquam
943 1683 1015 1746 fuit
1071 1682 1189 1746 Omnis
1215 1681 1364 1746 voluntas

162 1785 212 1849 Μ.
236 1785 336 1868 Bruti,
359 1796 466 1870 patres
488 1787 675 1870 conscripti,
697 1785 806 1849 omnis
828 1787 996 1870 cogitatio,
1018 1794 1089 1850 tota
1110 1804 1203 1850 mens
1225 1786 1364 1850 auctori·

161 1897 265 1953 tatem
290 1899 431 1972 senatus,
444 1873 640 1953 ‘libertatem
666 1889 775 1974 populi
799 1888 944 1953 Romani
971 1890 1135 1952 intuetur:
1164 1889 1243 1953 haec
1267 1887 1365 1952 habet
1380 1901 1409 1952 ¹5

162 1993 336 2078 proposita,
366 1994 446 2057 haec
472 1993 555 2056 tueri
585 1993 664 2058 vult.
723 1991 883 2057 Tentavit
911 1991 989 2076 quid
1024 1992 1187 2076 patientia
1215 1990 1364 2078 perficere

162 2105 287 2180 posset:
310 2096 392 2158 nihil
411 2114 485 2159 cum
507 2094 683 2180 proliceret,
702 2097 736 2158 vi
758 2105 872 2160 oontra
889 2097 958 2158 vim
978 2094 1206 2180 experiundum
1228 2096 1364 2179 putavit.

162 2197 227 2264 Cui
256 2198 398 2281 quidem,
424 2207 530 2282 patres
559 2200 748 2284 conscripti,
774 2217 832 2264 vos
858 2198 946 2263 idem
971 2199 1032 2264 hoc
1056 2208 1201 2283 tempore
1226 2198 1365 2262 tribuere

163 2300 300 2386 debetis,
320 2301 404 2385 quod
419 2321 448 2366 a.
463 2301 495 2365 d.
510 2319 585 2365 x111.
604 2302 677 2366 Kal.
693 2301 761 2366 Ian.
775 2302 819 2367 D.
844 2302 941 2366 Bruto
955 2301 997 2366 C.
1012 2302 1145 2368 Caesari
1164 2321 1216 2364 me
1236 2309 1365 2366 auctore

161 2405 344 2487 tribuistis,
372 2424 506 2488 quorum
532 2407 690 2492 privatum
716 2405 810 2470 dere
830 2406 958 2490 publica
981 2406 1154 2470 consilium
1181 2415 1215 2468 et
1240 2403 1363 2468 factum
1381 2431 1412 2468 ro

110 2525 149 2573 as
161 2510 354 2572 auctoritate
371 2518 478 2572 vestra
497 2519 547 2574 est
567 2511 809 2594 comprobatum
826 2517 922 2592 atque
942 2509 1115 2573 laudatum.
1159 2507 1255 2596 Qod
1275 2507 1364 2571 idem

162 2613 197 2673 in
212 2609 262 2674 M.
281 2610 378 2675 Bruto
400 2611 505 2676 facere
527 2611 663 2696 debetis,
686 2631 790 2697 aquo
813 2613 1010 2696 insperatum
1032 2622 1065 2676 et
1088 2612 1293 2695 repentinum
1316 2611 1363 2673 rei

162 2715 308 2797 publicae
333 2715 526 2799 praesidium
550 2716 726 2800 legionum,
752 2717 924 2800 equitatus,
950 2715 1141 2778 auxiliorum
1169 2733 1303 2797 maguae
1330 2723 1364 2777 et

196 2939 219 2977 1.
238 2928 281 2977 Ne
306 2931 437 2986 omnium.
460 2928 503 2980 &a
548 2929 592 2993 Cp.
617 2933 646 2978 de
670 2932 738 2981 Prot.
788 2933 838 2980 ssd
853 2931 963 2992 tbrrssoer
980 2931 1059 2980 OEem
1075 2929 1193 2979 minda
1209 2927 1366 2990 &assensi

162 2993 232 3041 Coos.
245 3005 268 3054 5.
282 3005 311 3041 ιι
330 2995 396 3042 ‘Piso
407 2996 550 3060 gloriaturse
561 2997 624 3044 brevi
636 3005 739 3057 tempore
788 2999 883 3052 motion,
894 2997 1024 3061 approvisg
1038 2998 1068 3058 eff
1077 2995 1114 3045 ebs
1129 2996 1227 3044 ceadual
1242 2997 1367 3058 osliratss

162 3058 452 3119 parissimneGabinius
463 3077 521 3109 unus
532 3063 637 3110 omnium
649 3062 740 3123 nequis·
788 3063 839 3110 aad
858 3062 1002 3120 Hortensius,
1024 3061 1162 3126 mfflmisg
1183 3061 1243 3109 rbem
1261 3059 1286 3108 is
1308 3059 1368 3110 Μ·

163 3125 233 3172 simus
243 3124 426 3174 existimaretur.⁸
789 3128 929 3185 sommam,
945 3129 995 3176 ssd
1008 3129 1094 3193 giving
1110 3136 1134 3175 to
1151 3128 1239 3174 Breues
1251 3125 1366 3186 amloeby

197 3201 220 3238 2.
238 3191 292 3252 Qui
320 3191 383 3245 iam.
408 3189 459 3248 duc..
487 3192 555 3239 ‘who
583 3192 602 3240 is
625 3208 679 3240 now
700 3195 740 3241 be·
789 3203 813 3240 tu
828 3193 877 3253 isay
894 3207 973 3253 money
987 3194 1038 3241 aad
1055 3193 1152 3256 upplun
1171 3192 1195 3240 in
1210 3192 1246 3241 eds
1260 3207 1329 3242 maras
1342 3191 1372 3252 ⁰s

162 3255 256 3319 coming
273 3257 400 3304 reooneiled
415 3265 441 3303 to
460 3257 500 3305 the
519 3257 610 3322 general
627 3257 740 3306 abolition
789 3257 942 3320 thrrpubiie.

163 3319 191 3367 oi
205 3319 287 3376 debis?
300 3320 384 3378 which.
400 3322 479 3370 before
492 3322 522 3370 be
538 3321 633 3371 himself
645 3324 740 3372 besam
826 3333 864 3372 ιι.
886 3323 928 3373 Ne
970 3324 1084 3375 nimium
1124 3323 1264 3386 patientis.
1313 3321 1368 3372 ‘l'be

163 3386 285 3442 inanirent,
308 3385 435 3436 Trebellius
463 3387 509 3435 had
534 3389 678 3451 streuuously
706 3405 741 3437 re·
791 3389 885 3474 reading
907 3389 936 3437 oi
954 3389 994 3437 tlte
1013 3389 1110 3437 Vau‘oan
1133 3387 1183 3436 Ms.
1205 3389 1225 3436 is
1246 3389 1367 3450 ‘prenest-

163 3451 240 3499 sisted.
272 3448 386 3515 See6.4,
400 3463 427 3500 11
441 3463 504 3501 note.
791 3463 868 3512 eritetr
903 3455 998 3502 whence
1021 3463 1082 3502 most
1105 3453 1134 3502 oi
1152 3453 1192 3502 the
1217 3453 1274 3502 ister
1294 3453 1367 3510 MSS..

195 3531 219 3574 3.
239 3517 363 3566 Plancus.
399 3516 440 3566 See
452 3516 555 3581 on6.4,
569 3529 608 3568 10.
791 3519 899 3569 followed
917 3520 950 3582 by
970 3520 1047 3576 Halm,
1065 3521 1119 3584 give
1140 3526 1228 3581 ‘paene
1245 3517 1367 3580 patientis?

196 3578 220 3630 ⁶.
244 3582 301 3631 Nec
340 3585 467 3633 viderunt
502 3599 647 3648 umquam:
681 3585 741 3634 their
791 3584 1035 3634 omniaomnia
1051 3585 1092 3634 the
1108 3585 1187 3633 readin
1219 3583 1367 3642 inthetext.

163 3647 443 3696 introductiontoRoms
454 3650 517 3697 dates
526 3650 586 3697 bacis
598 3650 741 3714 onlytotbe
791 3649 867 3698 which
890 3651 909 3698 is
930 3651 1070 3700 maintained
1091 3652 1123 3714 by
1145 3649 1168 3710 J.
1207 3665 1247 3713 rey
1270 3649 1367 3714 (Rheln.

161 3712 293 3760 timewhen
302 3713 320 3760 it
328 3729 375 3762 was
383 3713 480 3762 cruthed
488 3715 587 3762 beneath
594 3715 634 3763 the
642 3725 741 3780 tyrsuny
792 3716 986 3778 Musior1857,
1003 3731 1025 3777 p.
1036 3714 1098 3778 631l
1109 3724 1135 3763 to
1150 3718 1179 3764 be
1194 3713 1234 3764 the
1249 3724 1300 3764 true
1313 3730 1368 3772 one.

164 3777 193 3826 oi
201 3779 293 3827 Caesar.
478 3801 486 3814 ·
791 3781 832 3828 the
843 3782 919 3830 letters
931 3781 999 3830 ‘ene’
1009 3782 1033 3830 in
1044 3781 1084 3828 the
1091 3781 1188 3830 vatican
1196 3781 1291 3847 reading
1299 3781 1369 3846 being

204 3852 227 3906 7.
257 3845 374 3904 Avertit,
408 3851 529 3907 ‘paveris
561 3847 622 3894 from
655 3847 741 3911 loyslly
791 3847 943 3908 interpolatori
957 3845 1017 3895 from
1032 3846 1125 3895 ‘videte
1140 3847 1183 3894 ne'
1200 3847 1282 3896 above.
1315 3845 1368 3895 'rue

163 3909 301 3956 maintaiuin
328 3909 508 3960 Caessr'sstts!
791 3910 965 3960 msebmucb
979 3912 1100 3974 improved
1116 3911 1200 3975 bytho
1216 3913 1326 3962 omission
1342 3913 1372 3960 oi

211 4009 216 4022 .
262 4011 269 4024 .
377 3991 426 4024 was
444 3977 546 4038 ausser
563 3977 742 4040 oJM.Brstaa
791 3976 946 4038 themam!

163 4037 232 4103 being
252 4049 290 4088 too
306 4041 439 4104 impetam.
471 4041 517 4090 His
533 4042 675 4092 malias
692 4057 741 4090 sess
827 4053 864 4106 15.
888 4043 961 4093 llaec
991 4041 1073 4092 habet
1103 4043 1254 4106 proposita.
1287 4041 1368 4090 ‘these

162 4119 228 4153 mors
247 4113 271 4153 to
288 4105 472 4167 lassaremur
488 4107 523 4155 sil
541 4107 576 4156 bis
590 4107 669 4157 miles
682 4123 741 4157 wera
790 4105 873 4156 belias
887 4108 972 4171 always
983 4117 1018 4156 set
1032 4108 1110 4156 before
1125 4107 1191 4156 him!
1223 4107 1268 4169 Cp.
1279 4107 1331 4156 Ait.
1343 4106 1367 4156 8.

162 4169 310 4218 sammaa
325 4181 348 4220 to
367 4173 403 4220 ibe
423 4173 539 4235 sstbm'ty
560 4173 638 4235 oseba
658 4183 740 4222 mate.
792 4185 843 4236 a.3
862 4172 1157 4222 ‘Positasomnesnostras
1171 4171 1366 4236 speshsbemus;’

162 4235 741 4288 Bedemsdtbrmbmomssnssimss
790 4239 1065 4300 andreeong.18.5o.
1410 4273 1418 4286 ,

162 4299 742 4369 mdoemimmuaiusomaeiamlaedgm
827 4315 864 4369 19.
882 4305 915 4354 D.
934 4305 1018 4354 Bruto
1038 4305 1068 4354 C.
1087 4303 1207 4354 Caesari.
1240 4301 1316 4366 See3.
1328 4311 1367 4365 15,

162 4367 740 4434 mdsemM.ApairissssdQIIerrssissr
792 4367 933 4432 Mendai.
