2970 4698
139 273 277 330 tlt-m
465 267 634 328 ORATIO
663 268 935 328 PHILIPPICA
964 269 1022 328 J'I.
1281 280 1342 348 173

140 424 172 486 si
187 423 369 487 Antonium
383 425 560 508 consulem,
576 427 602 488 si
618 425 762 490 Galliam
779 427 918 490 Antonii
938 428 1137 511 provinciam
1156 425 1341 510 iudicasset,

141 525 285 610 legiones
311 527 460 590 Antonio
484 537 517 591 et
543 531 744 611 provinciam
769 530 904 610 tradere,
933 530 1065 595 domum
1089 530 1203 613 redire,
1229 531 1342 593 trium-

141 630 249 714 pm,
264 631 384 713 primus
399 631 434 692 in
450 631 509 694 hoc
524 633 648 714 ordine,
661 634 765 715 quoad
783 635 1006 716 magistratum
1022 636 1132 718 iniret,
1145 635 1342 698 sententiam

107 733 273 800 adicere?
292 733 370 818 quid
393 736 515 817 negotii
538 735 624 798 fuit?
666 735 728 798 Sed
749 756 823 799 cum
845 757 880 800 se
899 735 1029 801 Brutum
1050 758 1119 800 esse
1140 738 1342 800 meminisset

142 845 328 918 vestraeque
352 836 492 900 libertati
515 847 639 921 natum,
662 858 727 902 non
750 841 818 903 otio
840 860 908 925 suo,
928 841 1005 924 quid
1025 844 1090 925 egit
1113 841 1200 903 aliud
1223 841 1288 904 nisi
1306 848 1368 908 uts

142 959 246 1024 paene
263 959 392 1024 corpore
413 959 471 1004 suo
486 939 595 1005 Gallia
613 943 792 1025 prohiberet
811 945 1017 1008 Antonium?
1062 945 1111 1008 Ad
1127 945 1211 1008 hunc
1236 952 1342 1007 utrum

143 1043 265 1127 legatos
280 1063 322 1106 an
338 1043 480 1126 legiones
496 1045 541 1107 ire
556 1045 745 1128 oportebat?
781 1045 841 1110 Sed
856 1049 1026 1130 praeterita
1041 1049 1250 1112 omittamus:
1272 1066 1343 1131 pro-

144 1157 256 1231 perent
272 1147 379 1230 legati,
389 1147 472 1229 quod
486 1145 581 1210 video
595 1167 664 1210 esse
679 1149 834 1212 facturos:
857 1169 915 1213 vos
929 1169 1004 1235 saga
1018 1135 1136 1234 parate.
1182 1150 1239 1214 Est
1254 1153 1343 1214 enim

145 1252 193 1313 ita
212 1249 388 1333 decretum,
402 1259 450 1333 ut,
463 1251 491 1314 si
511 1250 565 1312 ille
583 1254 767 1316 auctoritati
788 1261 917 1316 senatus
938 1273 1003 1316 non
1025 1257 1192 1338 pamisset,
1207 1255 1247 1318 ad
1268 1273 1344 1336 saga

145 1355 252 1417 iretur.
297 1346 511 1437 lbitur3'non
537 1355 679 1437 parebit:
704 1375 762 1418 nos
786 1359 922 1420 amissos
945 1367 995 1421 tot
1019 1359 1090 1421 dies
1114 1361 1160 1421 rei
1186 1357 1343 1442 gerendae
1360 1376 1389 1414 ιο

145 1475 320 1540 queremur.

102 1555 134 1620 4
191 1561 271 1624 Non
295 1570 416 1644 metu0,
437 1561 595 1650 Qiritcs,
618 1581 671 1644 ne,
693 1581 765 1625 cum
791 1563 929 1626 audierit
952 1564 1126 1648 Antonius,
1149 1583 1200 1626 me
1226 1563 1286 1624 hoc
1312 1571 1344 1624 et

147 1665 180 1726 in
211 1674 323 1727 senatu
350 1674 383 1727 et
410 1666 444 1726 in
474 1666 626 1729 contione
653 1664 865 1750 confirmasse,
892 1685 1064 1749 numquam
1087 1668 1179 1730 illum
1205 1665 1345 1729 futurum

146 1769 181 1830 in
209 1777 339 1830 senatus
364 1776 534 1851 potestate,
559 1767 724 1830 refellendi
754 1770 816 1831 mei
841 1788 944 1853 causa,
971 1779 1006 1832 ut
1032 1789 1091 1853 ego
1115 1770 1197 1833 nihil
1225 1769 1345 1831 vidisse

144 1871 266 1953 videar,
289 1879 393 1933 vertat
419 1890 453 1934 se
479 1881 512 1933 et
537 1873 661 1934 senatui
686 1881 803 1954 pareat.
848 1871 1034 1955 Numquam
1056 1872 1178 1954 faciet,
1203 1890 1267 1935 non
1295 1873 1346 1932 in·
1361 1895 1388 1944 ¹5

146 1974 271 2038 videbit
294 1974 368 2036 huic
385 1993 474 2036 meae
497 1973 641 2056 gloriae:
663 1974 762 2037 malet
783 1993 835 2036 me
854 1977 1033 2059 sapientem
1055 1977 1182 2040 avobis
1202 1994 1297 2059 quam
1312 1995 1346 2038 se

96 2090 134 2137 10
147 2077 327 2140 modestum
351 2077 540 2140 existimari.
584 2076 698 2165 Qid?
724 2077 793 2161 ipse
816 2078 845 2139 si
870 2078 962 2161 velit,
986 2098 1062 2142 num
1086 2081 1186 2142 etiam
1211 2079 1346 2141 Lucium

146 2181 278 2244 fratrem
301 2199 463 2263 passurum
486 2180 696 2242 arbitramur?
740 2179 855 2264 Nuper
877 2181 1006 2262 quidem
1030 2181 1149 2245 dicitur
1170 2182 1209 2244 ad
1232 2180 1347 2264 Tibur,

145 2293 182 2348 ut
205 2285 331 2366 opinor,
355 2302 427 2346 cum
451 2284 482 2345 ei
508 2282 612 2345 labare
635 2281 684 2346 M.
710 2283 873 2346 Antonius
898 2284 1070 2368 videretur,
1094 2293 1231 2348 mortem
1254 2283 1344 2346 fratri

146 2405 217 2450 esse
247 2387 426 2450 minitatus.
481 2385 630 2448 Etiamne
658 2387 700 2451 ab
727 2387 785 2448 hoc
812 2388 1015 2470 myrmillone
1042 2388 1191 2450 Asiatico
1218 2395 1346 2468 senatus
1360 2411 1393 2448 ιο

147 2489 308 2572 mandata,
324 2489 499 2572 legatorum
515 2490 611 2552 verba
630 2488 822 2552 audientur?
868 2487 942 2554 Nec
962 2491 1051 2552 enim
1072 2490 1195 2553 secerni
1216 2488 1347 2552 afratre

147 2594 279 2678 poterit,
316 2602 408 2656 tanta
444 2591 630 2675 praesertim
666 2592 866 2654 auctoritate.
927 2591 1016 2655 Nam
1059 2593 1112 2655 hic
1153 2594 1237 2658 inter
1273 2589 1347 2654 illos

147 2696 317 2760 Africanus
339 2706 409 2776 est;
435 2695 533 2779 pluris
554 2696 696 2776 habetur,
717 2712 812 2777 quarn
837 2693 874 2756 L.
899 2695 1092 2778 Trebellius,
1116 2696 1226 2779 pluris,
1251 2713 1346 2776 quarn

147 2798 190 2862 T.
213 2799 360 2882 Plancus,
387 2799 409 2840 ὕ
431 2799 452 2840 ³*
475 2800 496 2840 ὕ
522 2799 707 2868 adolescens
737 2795 866 2860 nobilis.
920 2795 1085 2884 Plancum,
1114 2800 1167 2882 qui
1198 2798 1347 2861 omnibus

180 3009 204 3058 3.
223 2998 327 3046 Primus
360 2999 525 3048 sententiam
561 2999 671 3046 dicere:
697 3009 722 3044 as
808 2995 844 3044 18.
864 2999 903 3044 Ad
935 2997 1031 3052 Tibur,
1058 2995 1156 3043 whither
1179 2996 1274 3056 Antony
1300 2994 1347 3041 had

146 3063 248 3110 ‘Consul
264 3062 405 3126 designatus'
420 3061 456 3109 ior
467 3063 507 3110 the
524 3063 642 3126 following
657 3077 720 3124 year.
771 3075 832 3124 gone
844 3061 911 3108 when
925 3059 955 3108 he
970 3061 1014 3108 fied
1027 3061 1184 3122 precipitately
1195 3060 1255 3107 from
1270 3060 1348 3107 Rome

147 3127 226 3189 Cpq.
242 3139 278 3188 ¹3,
291 3139 336 3188 353
353 3127 447 3174 andree
458 3141 490 3175 on
503 3141 526 3189 5.
540 3141 562 3184 ι,
577 3140 597 3176 t.
771 3141 802 3172 on
814 3125 854 3174 the
869 3141 930 3174 neers
945 3127 974 3174 of
987 3126 1027 3173 the
1045 3127 1160 3174 defection
1174 3125 1202 3171 of
1214 3124 1254 3172 the
1270 3123 1346 3172 fourth

183 3193 289 3253 Quoad.
307 3193 379 3239 ‘until
387 3193 400 3248 ;'
417 3207 453 3252 cp.
466 3206 489 3254 3.
503 3205 540 3254 ¹5·
554 3191 593 3253 38.
772 3192 856 3256 legion
889 3191 932 3239 See
943 3205 965 3254 3.
977 3204 1001 3255 9,
1015 3204 1052 3252 ²4

183 3269 221 3305 ιο.
241 3259 336 3306 lretur.
369 3257 413 3318 Cp.
428 3270 465 3317 14.
478 3269 521 3314 t,1
538 3260 649 3318 ‘Propter
658 3257 722 3304 euius
807 3269 845 3304 ao.
865 3257 1052 3320 Myrmillone.
1077 3256 1268 3318 cp.3.12.3r;
1286 3267 1309 3318 5.
1324 3264 1347 3318 7,

147 3323 273 3384 periculum
287 3322 317 3368 ad
332 3337 386 3386 saga
401 3323 503 3379 issemus,
515 3333 607 3385 propter
620 3323 721 3371 eiusdem
775 3334 806 3369 ao
816 3323 862 3369 and
877 3334 913 3376 rr.
926 3334 965 3384 3ο.

147 3389 244 3436 salutem
263 3389 402 3436 redeundum
425 3390 454 3436 ad
473 3390 593 3452 pristinum
614 3388 721 3436 restitum
808 3399 845 3434 aa.
864 3388 955 3435 Tanta
974 3389 1146 3439 auctoritate.
1163 3385 1245 3434 ‘when
1262 3386 1297 3436 his
1314 3385 1347 3432 in·

148 3453 279 3501 emmau!
772 3453 860 3500 llumee
872 3454 890 3499 is
901 3467 927 3499 so
938 3463 1003 3518 great
1015 3467 1101 3517 among
1111 3451 1150 3500 the
1161 3453 1274 3513 soldiery.'

148 3529 287 3638 ..tet
304 3519 437 3632 itt?
454 3517 724 3646 immam
773 3530 845 3632 ..12⁴3
857 3519 1170 3645 litlzhttttlll:
1182 3515 1348 3638 plltzhl

148 3649 273 3696 morou·
283 3650 409 3703 amatas.
421 3648 726 3697 reclamaverant
772 3649 819 3696 had
846 3650 904 3696 been
926 3649 1017 3696 tribune
1039 3647 1068 3694 of
1086 3647 1126 3696 the
1152 3663 1273 3696 commone
1294 3648 1347 3694 nine

149 3715 178 3762 L.
197 3713 328 3770 stabilius,
344 3715 380 3762 the
396 3715 515 3776 champion
537 3714 567 3774 os
579 3713 724 3761 commenita?
773 3729 838 3776 years
855 3714 948 3769 before:
972 3714 1017 3760 and
1033 3715 1056 3760 in
1071 3713 1112 3760 the
1126 3713 1225 3760 Vatican
1242 3712 1292 3760 MS.
1312 3727 1347 3758 we

146 3779 245 3843 pom,
266 3780 316 3827 and
334 3779 404 3827 now
423 3780 458 3827 all
479 3780 507 3839 ty
527 3779 562 3828 lis
584 3779 674 3826 brotfm
695 3780 723 3826 L.
773 3778 820 3826 find
831 3781 890 3826 after
902 3779 936 3826 his
949 3793 1017 3825 name
1034 3778 1076 3825 the
1087 3779 1175 3826 srildest
1190 3777 1311 3826 confusion
1323 3779 1351 3824 of

149 3845 271 3899 amm,
283 3845 319 3892 tbr
329 3843 407 3892 lauder
417 3846 467 3892 ned
482 3845 518 3892 tle
526 3852 626 3909 grrutnt
636 3843 723 3908 ruffine
774 3859 875 3891 erasures
885 3845 930 3891 and
942 3844 1081 3904 repetitions,
1094 3859 1119 3891 ιο
1136 3844 1186 3890 that
1199 3843 1238 3891 the
1249 3843 1348 3906 genuine

148 3911 180 3972 os
186 3910 306 3957 mm:
318 3910 468 3958 wboledtbs
478 3911 610 3972 impudente
620 3919 643 3956 to
654 3909 723 3957 eloim
773 3909 867 3972 reading
883 3910 903 3956 is
918 3909 1045 3972 hopelessly
1061 3909 1114 3956 lost.
1152 3909 1210 3956 This
1227 3909 1347 3955 confusion

149 3983 256 4038 emungat
274 3975 308 4022 lis
325 3975 402 4022 elirnts
420 3976 456 4023 tle
472 3974 594 4036 thirty-fior
613 3974 680 4022 triber
699 3974 729 4035 os
774 3975 792 4024 is
810 3975 917 4022 followed
939 3976 971 4036 by
993 3975 1033 4023 the
1056 3975 1208 4021 nords‘cum
1227 3973 1348 4026 exiluerit:

148 4040 231 4094 Rorm.
242 4039 387 4088 cantemas
404 4039 501 4104 knights,
519 4039 555 4087 rt·
571 4049 629 4088 most
645 4041 725 4088 distin·
774 4041 833 4088 from
846 4039 921 4087 which
933 4055 997 4088 some
1008 4039 1101 4094 editors,
1111 4040 1245 4102 comparing
1259 4051 1296 4101 13.
1310 4049 1348 4098 13,

146 4105 247 4170 pallad
261 4105 363 4166 mitam
379 4105 478 4153 tribunes
491 4106 523 4167 os
529 4106 633 4154 cessitis
648 4119 723 4166 army.
775 4105 814 4162 28,
832 4113 921 4153 extract
934 4113 1019 4166 'quam
1036 4105 1141 4159 Exitius:
1159 4120 1173 4150 a
1190 4117 1257 4150 name
1270 4103 1348 4150 which

149 4171 206 4226 aad,
229 4181 287 4218 most
307 4170 446 4218 mendices
468 4172 498 4232 of
512 4171 554 4226 all,
572 4171 607 4219 ὥσ
630 4171 724 4218 Roman
774 4185 832 4218 eren
845 4171 909 4218 there
929 4171 947 4217 is
966 4170 995 4218 of
1010 4170 1117 4218 doubtful
1133 4169 1258 4232 authority.
1293 4169 1348 4215 ltis

148 4235 260 4300 'Cinge
290 4235 359 4284 Ibrsr
374 4235 455 4284 einims
469 4251 527 4284 svm
543 4235 578 4284 ull
594 4237 688 4284 merted
697 4235 725 4295 ly
774 4251 838 4283 more
860 4237 970 4297 probable
987 4236 1039 4283 that
1058 4235 1098 4282 the
1115 4235 1189 4284 words
1205 4235 1264 4284 tuve
1283 4247 1348 4281 some

148 4301 619 4364 wusishabosourm'tbinscript'ons
628 4302 725 4364 &ming
773 4302 887 4350 reference
905 4310 931 4349 to
950 4301 990 4349 the
1007 4301 1152 4348 banishment
1165 4301 1195 4346 of
1206 4299 1308 4353 Plancus,
1325 4299 1348 4345 in

148 4367 237 4432 rarrug
246 4367 334 4416 dm
344 4377 369 4415 to
378 4367 413 4416 bis
424 4380 560 4430 mesre.
775 4379 803 4429 5¹
818 4367 887 4422 B.C..
896 4368 931 4414 for
947 4367 986 4416 tlte
997 4367 1063 4414 share
1075 4363 1153 4412 which
1170 4364 1200 4411 he
1213 4364 1258 4412 had
1276 4363 1348 4410 taken
