2998 4706
205 279 267 340 ιιι
549 271 598 336 Μ.
627 273 786 336 TULLII
816 273 1067 336 CICERONIS
1266 286 1413 340 sss—s
1475 335 1477 342 Α

202 433 354 498 traduxit.
407 431 530 498 Rursus
561 435 658 518 igitur
688 437 738 498 vis
769 433 924 498 nudatum
954 433 1046 496 illum
1075 443 1170 516 atque
1195 431 1306 493 solum
1332 445 1355 488 a
1379 445 1411 486 re

203 537 332 621 publica
367 537 544 622 relegatum
579 535 692 601 videri.
751 535 817 600 Vos
851 547 973 622 autem,
1006 545 1114 620 patres
1149 533 1347 616 conscripti,
1382 531 1437 592 sir

203 639 252 706 Μ.
285 640 416 708 Brutum
445 641 652 704 deserueritis
680 649 714 704 et
751 639 968 726 prodideritis‚
996 659 1099 724 quem
1127 637 1263 703 tandem
1301 637 1411 699 civem

204 765 354 828 umquam
390 744 573 809 ornabitis?
611 745 675 808 nisi
705 743 789 808 forte
818 763 885 828 eos,
914 745 969 829 qui
999 743 1149 807 diadema
1178 740 1411 826 imposuerint,

176 846 449 931 aconservandos‚
474 867 541 931 eos,
567 849 622 930 qui
650 849 740 932 regni
768 865 888 910 nomen
910 847 1111 930 sustulerint,
1133 845 1331 909 deserendos
1356 861 1413 926 pu·

204 952 294 1014 tatis.
347 949 397 1014 Ac
426 949 465 1014 de
492 951 552 1014 hac
577 949 707 1033 quidem
732 949 847 1014 divina
872 959 967 1034 atque
993 949 1168 1014 immortali
1193 947 1290 1042 laude
1319 947 1410 1010 Bruti

204 1053 317 1137 silebo,
331 1073 413 1137 quae
427 1055 612 1138 gratissima
633 1057 790 1118 memoria
811 1056 958 1118 omniurn
978 1055 1100 1118 civium
1121 1053 1246 1116 inclusa
1262 1051 1411 1114 nondum

204 1156 332 1240 publica
353 1159 545 1223 auctoritate
568 1167 689 1222 testata
710 1167 770 1221 est
814 1157 1000 1222 Tantamne
1023 1158 1231 1242 patientiam,
1251 1157 1286 1219 di
1310 1153 1412 1219 boni!

204 1269 332 1324 tantam
354 1263 619 1344 moderationem,
640 1271 768 1325 tantam
790 1263 826 1325 in
849 1263 970 1324 iniuria
990 1260 1259 1345 tranquillitatem
1279 1271 1317 1322 et
1340 1278 1413 1321 mo-

161 1362 362 1430 ¹⁰destiarn!
384 1367 439 1448 qui
460 1385 532 1428 cum
555 1374 681 1449 praetor
701 1365 788 1428 urbis
810 1375 905 1448 esset,
920 1365 997 1428 urbe
1017 1367 1131 1450 canuit,
1152 1366 1201 1425 ius
1222 1382 1291 1427 non
1312 1363 1410 1445 dixit,

205 1487 278 1532 cum
314 1487 411 1531 omne
440 1470 490 1532 ius
526 1471 573 1531 rei
611 1469 757 1552 publicae
792 1469 1053 1553 recuperavisset,
1085 1485 1218 1550 cumque
1248 1485 1409 1529 concursu

204 1571 395 1655 quotidiano
410 1573 566 1636 bonorum
580 1573 740 1655 omnium,
754 1573 809 1655 qui
825 1572 1024 1635 admirabilis
1039 1571 1168 1635 adeum
1183 1570 1251 1632 fieri
1266 1569 1409 1650 solebat,

205 1677 427 1760 praesidioque
450 1675 566 1740 ltaliae
589 1686 724 1742 cunctae
750 1687 877 1762 saeptus
905 1687 1011 1762 posset
1035 1697 1117 1760 esse,
1144 1677 1259 1740 absens
1283 1677 1410 1738 iudicio

204 1779 360 1841 bonorum
388 1778 537 1844 defensus
568 1799 639 1845 esse
668 1781 784 1845 maluit
812 1799 908 1864 quam
942 1799 1092 1866 praesens
1123 1798 1240 1844 manu:
1276 1781 1334 1863 qui
1368 1797 1409 1840 ne

161 1887 190 1939 ¹⁵
203 1880 408 1966 Apollinares
436 1885 567 1966 quidem
594 1886 684 1950 ludos
709 1905 767 1970 pro
791 1905 849 1950 sua
874 1885 1044 1970 populique
1071 1883 1214 1948 Romani
1242 1873 1409 1967 dignitate

202 1994 371 2068 apparatos
392 2005 540 2070 praesens
563 1987 656 2072 feeit,
680 2009 721 2052 ne
744 2007 841 2072 quam
864 1991 953 2052 viam
976 1987 1173 2073 patefaceret
1197 1987 1409 2052 sceleratissi-

203 2105 327 2151 morum
353 2088 523 2153 hominum
547 2091 710 2156 audaciae.
765 2090 969 2177 Qamquam
995 2093 1051 2175 qui
1077 2109 1229 2174 umquam
1253 2100 1313 2154 aut
1338 2089 1444 2156 ludit

202 2200 258 2255 aut
278 2190 348 2256 dies
368 2192 517 2258 laetiores
537 2193 677 2278 fluerunt,
692 2213 788 2279 quam
806 2211 879 2258 cum
900 2197 936 2258 in
956 2195 1091 2277 singulis
1106 2195 1250 2257 versibus
1269 2194 1435 2277 populosa

202 2293 370 2359 Romanus
393 2298 536 2360 maximo
557 2298 697 2362 clamore
720 2305 755 2360 et
776 2297 886 2383 plausu
910 2297 999 2362 Bruti
1022 2299 1212 2361 memoriam
1234 2315 1408 2380 proseque-

157 2409 190 2446 ²⁰
202 2397 317 2462 batur?
372 2399 497 2484 Corpus
533 2403 643 2464 aberat
677 2401 869 2486 liberatoris,
899 2402 1059 2465 libertatis
1088 2402 1245 2465 memoria
1273 2399 1409 2463 aderat:

202 2503 239 2562 in
271 2521 334 2584 qua
362 2501 453 2568 Bruti
487 2503 594 2588 imago
623 2503 712 2570 cerni
747 2503 923 2568 videbatur.
981 2504 1027 2569 At
1053 2504 1136 2568 bunc
1166 2505 1209 2566 iis
1239 2504 1321 2588 ipsis
1358 2503 1408 2566 lu·
1475 2573 1476 2580 ἵ

200 2601 312 2666 dorum
335 2605 446 2668 diebus
473 2606 622 2670 videbam
646 2608 682 2670 in
705 2607 810 2672 insula
832 2609 1003 2672 clarissimi
1023 2607 1249 2692 adolescentis,
1265 2607 1407 2690 Luculli,
1475 2593 1476 2619 ¹

235 2821 258 2872 3.
277 2809 459 2860 Deserueritis
481 2823 507 2860 et
526 2813 714 2874 prodideritis.
730 2819 776 2874 ‘ye
826 2813 870 2862 aelf
882 2814 978 2861 allowed
988 2814 1024 2861 bia
1038 2813 1133 2878 rigbtful
1143 2823 1195 2874 part
1206 2813 1230 2860 iu
1241 2811 1282 2860 the
1293 2813 1405 2860 adrninia·

201 2873 260 2922 bare
272 2875 375 2922 deserted
386 2878 432 2924 and
443 2875 568 2939 betrayed·
584 2877 625 2924 the
636 2878 721 2925 climax
736 2891 777 2924 ex·
826 2877 913 2926 tration
929 2880 957 2926 of
970 2879 1037 2927 thore
1051 2879 1113 2927 lawr.
1146 2879 1188 2927 See
1202 2879 1360 2926 introductiun
1377 2889 1404 2926 to

201 2941 291 3002 precaed
311 2941 334 2986 in
357 2941 396 2988 the
419 2943 493 2990 ιιοιᾰι
516 2943 586 3006 being
607 2957 671 2991 more
693 2943 777 3005 clearly
825 2943 867 2991 tbe
877 2943 925 2992 lint
936 2945 1035 2992 oration.

201 3005 316 3054 showuin
333 3006 406 3068 Epist.
425 3008 455 3054 ad
473 3008 504 3065 Q.
523 3009 559 3057 Fr.
580 3021 602 3057 1.
623 3022 646 3071 3,
667 3021 680 3070 5
700 3009 775 3056 ‘Cum
861 3021 899 3057 ιι.
919 3011 1109 3066 Admirabilis.
1128 3017 1165 3058 ‘to
1179 3025 1193 3057 a
1208 3009 1347 3058 marvelloua
1363 3025 1405 3056 ea·

201 3071 270 3118 amici
287 3073 371 3132 partim
388 3071 526 3122 deseruerint
543 3087 590 3129 me,
606 3074 689 3136 partim
705 3074 776 3122 etiam
826 3075 891 3123 tent·

200 3135 356 3198 producant:
862 3152 899 3201 15.
918 3142 1093 3203 Apollinares
1128 3141 1214 3191 ludos.
1263 3139 1405 3201 Tbepreai·

234 3215 257 3261 4
278 3202 331 3263 Qui
357 3202 481 3252 diadema
508 3205 698 3266 imposuerint.
735 3204 776 3253 See
826 3205 899 3268 deucy
920 3205 949 3252 oi
966 3206 1029 3254 thece
1053 3207 1166 3319 belone&
1190 3216 1216 3254 ιο
1236 3203 1285 3252 lairn
1305 3219 1331 3252 as
1351 3207 1401 3267 city

203 3265 395 3374 apgtsnote.
826 3280 924 3332 metor.
957 3271 1108 3334 Seer.15.3
1137 3271 1401 3331 note32nda.13,3r.

252 3362 258 3374 .
277 3327 389 3378 Testata
412 3341 466 3378 est:
489 3347 514 3378 ao
530 3333 603 3394 rarely
620 3335 644 3380 in
660 3348 673 3381 a
689 3335 776 3396 paarive
861 3335 899 3385 16.
917 3338 1078 3400 Apparatoa.
1094 3337 1185 3384 ‘which
1204 3335 1234 3384 be
1252 3337 1298 3383 bad
1313 3345 1357 3400 got
1370 3351 1403 3398 up

201 3406 272 3448 unae,
288 3394 332 3440 and
352 3393 407 3455 only
425 3394 448 3441 in
467 3395 508 3442 the
526 3405 600 3444 tenses
615 3401 775 3459 compounded
826 3401 883 3448 arith
911 3416 948 3448 ma
981 3402 1074 3450 iiicence
1105 3403 1279 3464 proportionata
1306 3411 1333 3448 ιο
1361 3399 1403 3450 tlte

200 3457 258 3505 trith
270 3457 310 3506 the
321 3459 407 3519 perfect
416 3459 541 3520 participle.
825 3465 916 3514 honour
927 3481 942 3514 ο
963 3467 1002 3516 the
1014 3469 1107 3516 Roman
1115 3468 1197 3530 people
1208 3469 1253 3516 and
1263 3465 1371 3516 hunsett·

243 3523 397 3574 Tantamne
433 3527 605 3588 patientiam.
657 3527 703 3576 Bor
735 3530 776 3578 tbe
858 3531 1401 3595 c.4Emwbilealltbawuridmaiamt·

200 3588 281 3649 simple
295 3589 432 3645 accrraative.
450 3589 549 3638 without
565 3606 595 3639 an
614 3591 734 3652 infinitiva,
752 3598 775 3644 in
830 3597 835 3610 '
883 3595 1020 3646 suam
1030 3599 1282 3662 fromtbagmeaao
1296 3595 1402 3662 grardly

201 3655 364 3718 interrogative
388 3656 560 3713 exclamationi.
580 3671 616 3720 cp.
636 3659 699 3708 Verr.
721 3663 776 3710 Aet.
825 3679 837 3709 r
960 3665 1030 3711 ariis
1041 3673 1141 3726 rem.
1152 3665 1238 3712 bruai
1251 3665 1350 3727 pasche
1365 3663 1400 3710 bie

202 3731 223 3766 a.
237 3729 260 3780 5,
278 3731 316 3779 as.
331 3719 362 3770 62
385 3722 507 3771 ‘Huncine
522 3722 656 3774 hominem!
677 3725 775 3776 himine
825 3727 878 3775 tima
905 3729 1044 3790 mm]
1071 3731 1095 3776 r'a
1122 3730 1256 3786 mummi.
1283 3727 1401 3794 pluuia(

200 3785 485 3900 igppctlpptiamiudicesi
502 3789 714 3842 bancaudiciaml'
729 3794 775 3841 and
823 3793 1034 3908 bapnramsperdbr'a
1050 3792 1249 3908 mmazr'good.
1282 3793 1401 3854 erma,

235 3926 273 3963 ιο.
292 3857 499 3993 Pssestol‘rou'rbia.
544 3920 585 3970 See
596 3936 619 3984 9.
633 3932 655 3986 7,
670 3922 700 3974 16
711 3933 773 3973 note.
825 3925 851 3972 0.
861 3859 963 3982 wei,
975 3859 1129 3988 oniy’fffind
1136 3941 1152 3973 a
1163 3859 1400 3988 :rumarpsznhfgg

200 3977 253 4027 'l‘he
267 3981 345 4028 readrn
378 3983 470 4039 ‘urbia'
481 3983 558 4034 which
574 3989 593 4035 ia
608 3988 680 4036 found
695 3989 718 4036 ln
733 3990 774 4037 the
821 3991 1397 4056 puriorumiarnruisgfdaeadoaialllyieam.

199 4044 296 4094 vatican
315 3997 523 4102 Minueritne
537 4053 661 4112 preferable
675 4053 698 4099 in
714 4053 778 4102 itaelf
824 4055 1382 4120 aadGreaeasrumtbegrurposC.Aatuaiaa.

200 4111 366 4168 toturbanua:
378 4127 408 4160 on
424 4123 522 4162 account
534 4115 562 4162 of
574 4117 613 4165 tbe
627 4119 774 4180 playontbe
860 4119 897 4169 18.
916 4121 947 4170 ln
975 4123 1090 4186 aingnlia
1120 4123 1251 4178 versibus.
1279 4121 1399 4204 ‘ecboiug

198 4179 263 4224 word
274 4178 298 4224 in
310 4178 349 4226 the
360 4177 479 4244 following
488 4187 494 4207 ⁸
504 4181 560 4229 urbe
571 4183 658 4230 (caruit.¹
824 4185 864 4232 the
879 4187 1013 4234 aendmeota
1026 4189 1055 4235 of
1061 4189 1137 4236 casual
1151 4203 1226 4236 emes
1242 4186 1318 4235 intbe
1331 4188 1391 4248 play.

234 4243 277 4292 lua
304 4259 358 4292 nou
384 4245 463 4294 dixit:
504 4246 541 4293 lle
561 4247 607 4295 had
628 4249 728 4296 mtored
747 4259 774 4298 ιο
824 4247 1081 4312 See1.15.36notea.

198 4305 240 4352 tbe
261 4317 320 4355 atate
338 4308 379 4355 the
396 4310 505 4372 privilege
525 4311 554 4355 of
569 4311 639 4374 being
658 4313 773 4374 governed
858 4327 896 4361 aa.
916 4315 948 4362 ln
985 4315 1082 4364 insula.
1124 4317 1238 4380 Probably
1266 4318 1306 4366 the
1333 4315 1399 4366 amali

199 4373 321 4433 according
333 4381 359 4419 ιο
370 4371 411 4418 tbe
420 4371 483 4426 lawa,
495 4373 539 4419 and
552 4383 591 4434 yet
602 4387 649 4420 rrae
661 4383 702 4420 not
713 4375 773 4422 bim-
824 4375 894 4422 irland
906 4378 934 4422 of
942 4376 1015 4432 Nesia,
1024 4388 1048 4425 at
1059 4379 1099 4426 the
1109 4383 1233 4444 eatremlty
1241 4383 1270 4430 of
1278 4381 1318 4431 the
1328 4383 1398 4431 head·
