2970 4700
154 279 312 336 asae-m
458 267 627 330 ORATIO
655 268 928 332 PHILIPPICA
954 269 1061 335 IIIII.
1275 259 1358 356 '315

153 435 278 510 pestem
315 426 496 510 malumque
534 428 733 494 cruciatum!
791 428 845 494 Ad
880 439 913 494 te
945 431 1113 514 quisquam
1142 430 1253 493 veniat
1290 429 1357 492 nisi

153 527 303 596 Ventidii
328 530 471 596 sirnilis?
513 531 636 596 Oriens
659 533 846 598 incendium
868 535 924 617 qui
947 537 1193 618 restinguerent,
1215 551 1358 596 summos

153 635 240 696 viros
264 635 433 718 misimus3
469 635 665 720 repudiasti:
700 655 787 701 nunc
817 639 853 702 in
881 647 1008 702 tantam
1037 638 1199 702 &nimam
1228 645 1357 720 tamque

154 737 370 802 inveteratam
396 740 575 824 mittamus,
601 759 675 804 cum
701 740 806 806 locum
832 742 894 806 tibi
920 740 1076 824 reliquum
1102 760 1168 805 non
1193 739 1291 804 modo
1315 739 1356 803 ad

153 857 280 924 paoem,
302 839 357 906 sed
380 861 422 906 ne
444 842 484 908 ad
507 842 706 908 deditionem
728 843 857 928 quidem
878 844 1018 910 feceris?
1369 851 1385 906 s

197 943 295 1010 Hanc
316 963 376 1028 ego
400 946 581 1032 epistolam,
603 957 707 1032 patres
729 950 915 1033 conscripti,
937 967 1003 1012 non
1025 965 1088 1030 quo
1110 947 1200 1010 illum
1223 946 1356 1032 dignum

153 1057 298 1133 putarem
324 1052 469 1134 recitavi,
495 1052 549 1116 sed
575 1060 611 1116 ut
641 1052 897 1117 confessionibus
926 1055 1027 1138 ipsius
1056 1053 1168 1124 omnia
1197 1052 1358 1136 patefacta

91 1173 139 1221 ao
153 1154 222 1218 eius
258 1153 427 1236 parricidia
462 1155 624 1220 videretis
681 1155 767 1221 Cum
804 1157 864 1221 boc
901 1175 1012 1240 pacem
1041 1155 1090 1219 ld.
1121 1155 1274 1240 Lepidus,
1303 1155 1357 1219 vir

153 1257 377 1324 ornatissimus
391 1260 540 1324 omnibus
555 1269 589 1324 et
604 1261 734 1325 virortis
750 1269 784 1324 et
799 1261 943 1324 fortunae
958 1260 1065 1344 bonis,
1080 1261 1109 1324 si
1128 1260 1206 1326 baec
1220 1259 1357 1342 videret,

152 1359 291 1442 denique
317 1371 372 1426 aut
397 1362 496 1427 vellet
523 1363 592 1428 fieri
617 1373 674 1428 aut
700 1383 791 1448 posse
816 1364 1045 1428 arbitraretur?
1093 1362 1219 1426 ‘Prius
1242 1362 1356 1427 undis
1372 1383 1403 1424 re

152 1463 327 1548 flamma,
354 1474 389 1530 ut
414 1460 463 1531 ait
488 1471 582 1552 pob'ta
607 1470 718 1534 neseio
743 1469 826 1552 quis,
851 1468 937 1554 prius
962 1465 1099 1551 denique
1123 1467 1235 1529 omnia
1259 1481 1356 1549 quam

152 1576 209 1632 aut
228 1569 471 1634 cumAntoniis
491 1590 541 1635 res
561 1571 688 1656 publica
705 1580 761 1636 aut
778 1589 851 1634 cerm
871 1591 906 1633 re
926 1569 1053 1654 publica
1065 1569 1206 1633 Antonii
1224 1568 1357 1632 redeant

153 1672 190 1734 in
215 1673 361 1754 gratiam.
405 1673 555 1738 Monstra
578 1674 733 1758 quaedam
759 1677 823 1738 ista
845 1683 880 1738 et
905 1681 1054 1759 portenta
1078 1681 1154 1737 sunt
1180 1671 1356 1758 [prodigia]

154 1776 201 1837 rei
218 1776 374 1859 publicae.
417 1777 545 1842 Moveri
563 1778 692 1842 sedibus
710 1780 783 1843 huic
801 1779 871 1842 urbi
882 1758 1006 1842 'melius
1024 1786 1075 1841 est
1093 1786 1188 1860 atque
1208 1778 1244 1839 iu
1262 1777 1355 1860 alias,

153 1879 182 1940 si
203 1877 270 1942 fieri
293 1882 407 1964 possit,
429 1889 528 1946 terras
550 1882 739 1967 demigrare,
761 1882 845 1947 unde
868 1882 1084 1946 Antoniorum
1107 1901 1168 1944 uec
1190 1880 1276 1945 facta
1295 1895 1400 1948 nec1⁵

154 2001 274 2046 nomen
303 1984 424 2069 audiat,
452 2003 549 2067 quam
581 1985 666 2070 illos,
695 1985 844 2051 Caesaris
874 1987 993 2048 virtute
1023 1985 1158 2068 eiectos,
1188 1983 1277 2048 Bruti
1307 2002 1356 2048 re-

153 2079 273 2170 tentos,
300 2088 387 2151 intra
416 2088 493 2152 haec
523 2091 651 2152 moenia
676 2088 794 2153 videre.
847 2088 1098 2173 Optatissimum
1127 2097 1178 2152 est
1203 2089 1357 2171 vincere3

153 2191 329 2254 secundum
347 2200 397 2255 est
417 2171 538 2255 nullum
553 2211 661 2257 casnm
681 2209 737 2276 pro
756 2192 916 2276 dignitate
935 2202 970 2256 et
983 2192 1130 2256 libertate
1148 2193 1270 2274 patriae
1289 2210 1356 2254 non

153 2292 320 2357 ferendum
356 2303 475 2378 putare.
533 2295 630 2384 Qod
665 2295 821 2379 reliquum
855 2305 917 2381 est,
945 2315 1013 2359 non
1046 2303 1095 2359 est
1125 2295 1269 2379 tertium,
1298 2293 1355 2358 sed

154 2405 350 2480 postremum
388 2399 547 2484 omnium,
584 2401 759 2463 maximam
797 2399 1031 2484 turpitudinem
1070 2399 1228 2482 suscipere
1266 2399 1355 2461 vitae
1370 2421 1402 2460 re

102 2501 340 2586 uompiditate.
396 2501 488 2591 Qe
524 2521 597 2566 curn
630 2504 678 2566 ita
713 2505 793 2588 sint,
826 2503 866 2566 de
903 2503 1065 2567 mandatis
1097 2502 1276 2585 litterisque
1304 2501 1355 2568 M,

186 2758 212 2806 4.
231 2743 425 2798 luveteratam.
440 2741 506 2791 ‘that
517 2742 558 2792 has
574 2743 657 2808 gained
674 2743 730 2792 such
813 2744 874 2792 Cum
885 2753 961 2793 morte
972 2743 1028 2801 visa,
1039 2758 1092 2791 enm
1103 2743 1161 2790 mari
1173 2751 1254 2792 emtus
1265 2743 1335 2792 fidem

155 2810 218 2857 force
229 2810 290 2856 from
300 2809 362 2870 lapse
373 2808 402 2856 ol
409 2808 481 2858 time:
812 2810 947 2872 foetuque
958 2809 1070 2875 iungens!

187 2874 212 2923 ⁶.
231 2874 293 2923 Nou
313 2891 375 2937 quo.
392 2873 446 2930 dte..
463 2879 521 2922 ‘not
536 2873 612 2923 thasi
629 2874 730 2939 thought
780 2876 802 2923 lt
813 2890 858 2923 was
868 2876 1120 2938 probablyacommon
1127 2875 1227 2935 proverb
1235 2882 1260 2921 at
1271 2874 1356 2930 Rome,

154 2939 196 2989 the
207 2941 284 2987 writer
294 2939 385 3000 worthy
397 2939 426 2986 ol'
431 2955 457 2986 so
465 2942 534 2988 much
546 2941 729 2988 consideration!
779 2941 871 3005 though
882 2943 901 2988 lt
911 2951 996 2988 canum
1007 2942 1036 2989 be
1045 2941 1122 2988 traced
1131 2939 1218 2987 further
1226 2938 1287 2988 back
1298 2939 1356 2988 man

189 3005 212 3054 8.
226 3007 322 3054 Pacem
343 3007 381 3053 M.
400 3003 558 3066 Lepidus..
575 3041 581 3054 .
596 3007 729 3056 suaderet.
779 3006 870 3055 Cicero.

154 3070 253 3132 Lepidus
271 3071 316 3118 bad
333 3071 539 3120 wdttenaletter
554 3080 580 3119 to
595 3069 636 3119 the
651 3082 730 3120 senate
815 3084 854 3134 13.
872 3069 1038 3137 [Prodigia].
1074 3070 1105 3118 So
1124 3069 1203 3126 lislm,
1218 3069 1273 3117 who
1288 3067 1357 3118 looks
1435 3070 1439 3076 ’

154 3138 216 3200 (Cic.
240 3137 304 3184 Fam.
330 3149 367 3184 ιο.
391 3133 434 3197 35)
462 3138 565 3201 strongly
592 3137 731 3201 advocatiug
781 3136 953 3202 ou‘prodigla'
966 3137 1095 3200 asaglosa.

155 3217 233 3264 peace,
252 3201 335 3250 asthe
355 3201 410 3262 only
427 3214 507 3250 means
525 3204 553 3251 of
569 3202 674 3266 waning
691 3204 732 3253 the
817 3214 855 3264 15.
885 3204 1067 3251 Antoniorum
1110 3216 1160 3250 nec
1198 3201 1268 3250 iacta
1305 3215 1356 3249 nec

155 3269 230 3330 salety
241 3268 270 3315 ol
278 3269 318 3316 the
329 3275 396 3316 state.
783 3283 892 3317 nomen.
918 3266 1358 3330 Cp.Fam.7.3o‚r‘lliucipseero·

192 3346 230 3382 10.
248 3335 376 3396 Denique
393 3346 438 3386 aus
453 3336 548 3386 vellet.
572 3335 732 3386 thecuam
782 3334 829 3381 lare
850 3334 919 3394 cupio
941 3342 964 3381 et
985 3333 1062 3394 aliquo
1084 3332 1209 3392 pervenire.
1231 3331 1295 3381 “ubi
1315 3345 1358 3378 nec

155 3409 182 3448 to
193 3401 223 3447 be
234 3400 365 3463 something
375 3415 456 3466 wrong
467 3401 529 3456 here.
541 3403 601 3450 from
618 3403 658 3450 the
670 3400 733 3450 bald·
782 3399 941 3461 Pelopidarum
963 3413 1049 3446 nomen
1070 3413 1114 3445 nec
1135 3399 1196 3444 facta
1216 3395 1356 3454 audiam;”'

155 3463 443 3526 nesoPdenique’aslt
460 3467 547 3516 stands.
579 3467 665 3516 where
680 3467 698 3514 it
713 3465 732 3514 is
782 3465 827 3512 and
844 3467 894 3514 Ast.
916 3477 953 3526 14.
969 3476 1005 3519 ra,
1027 3475 1039 3510 a
1061 3463 1144 3511 'Exire
1158 3477 1224 3518 areo,
1240 3463 1301 3510 “ubi
1315 3476 1359 3510 nec

155 3530 297 3580 usediuthe
313 3531 419 3590 apodosis
435 3534 465 3580 of
476 3548 490 3580 a
506 3532 665 3596 hypothetica!
681 3547 733 3580 seu·
783 3529 995 3592 Pelopidarum;”'
1024 3529 1084 3577 hom
1111 3527 1189 3576 which
1211 3542 1316 3592 passages
1338 3528 1358 3574 it

156 3606 231 3652 tence,
251 3611 275 3644 as
294 3597 425 3658 equivalent
441 3606 468 3645 to
483 3599 609 3654 ‘demunu'
627 3600 645 3646 it
662 3599 681 3646 is
700 3597 733 3645 al-
782 3611 877 3658 appears
899 3596 950 3644 that
971 3594 1054 3643 Cicero
1075 3593 1095 3641 is
1111 3595 1165 3642 here
1182 3593 1268 3640 alludia
1300 3601 1326 3640 to
1343 3607 1359 3640 a

156 3677 220 3724 ways
226 3661 349 3710 combined
357 3662 620 3712 withademonstratire
627 3677 732 3726 pronoun
782 3662 895 3710 l'avourite
912 3661 1035 3724 quotation
1051 3660 1112 3708 frona
1129 3672 1193 3708 some
1209 3609 1358 3706 vellimur

155 3743 183 3775 or
194 3729 287 3784 adverb,
299 3742 323 3775 as
334 3727 415 3776 inFln.
427 3727 537 3793 1.19,64
549 3729 610 3789 'Qui
623 3731 641 3776 sl
652 3743 732 3776 omnes
781 3728 842 3792 play.

156 3794 206 3840 veri
216 3803 290 3850 eruut.
302 3802 353 3840 tum
365 3793 463 3854 deniqne
479 3795 565 3854 poterit
578 3795 664 3855 aliquid
677 3809 732 3858 cog·
818 3791 855 3842 16.
874 3793 1017 3845 Retentos⁹
1028 3788 1100 3851 'lrept
1110 3789 1189 3838 before
1201 3788 1310 3837 Mutina?

156 3859 366 3920 noadetpereipi.'
401 3859 497 3924 Madvig
509 3859 596 3922 (Jahn's
606 3861 685 3919 Jahrb.
697 3859 732 3906 lor
817 3870 854 3922 19.
874 3857 935 3906 Non
957 3859 1136 3911 cistertium,
1153 3855 1360 3902 ‘domnotoome

159 3922 231 3986 1856,
242 3939 265 3986 p.
279 3925 338 3988 127)
349 3933 451 3989 suggests
469 3925 509 3972 the
520 3926 623 3973 addition
640 3925 669 3972 of
677 3932 732 3973 ‘an·
782 3939 837 3973 near
856 3922 949 3986 errougb
967 3931 993 3969 so
1012 3923 1042 3969 be
1061 3921 1141 3983 placed
1158 3919 1247 3968 thirds'
1267 3919 1359 3984 though

157 3990 227 4038 diret'
238 3990 298 4038 alter
310 3989 427 4046 ‘videret'
436 3991 472 4037 ‘it
484 3991 515 4038 he
532 3991 601 4038 could
614 4006 660 4048 see,
671 4005 697 4038 or
709 3991 733 4039 iu
783 3997 846 4046 next,
858 3989 876 4035 it
887 4003 930 4036 ean
941 3987 997 4050 only
1007 3988 1037 4035 be
1048 3987 1134 4035 looked
1147 3999 1211 4047 upon
1226 3999 1250 4033 as
1265 3986 1359 4048 coming

157 4056 271 4104 lacthear
284 4055 314 4103 all
331 4055 392 4103 this!
425 4055 478 4103 The
489 4057 554 4104 word
569 4071 625 4119 may
636 4056 734 4118 perhaps
782 4056 833 4104 last.
866 4053 1024 4102 Sollor.0d.
1038 4065 1059 4102 r.
1074 4064 1111 4109 ra,
1125 4051 1155 4100 18

157 4121 475 4183 beitsellauiuterpolation
492 4122 552 4169 from
564 4121 604 4169 the
616 4121 734 4186 following
816 4120 883 4167 ‘Nec
910 4120 972 4232 ‹vilget
1000 4119 1126 4180 quidquam
1155 4115 1230 4164 simile
1258 4122 1299 4163 aut
1325 4129 1360 4162 se·

157 4187 240 4236 clause.
865 4199 909 4232 cun
924 4199 973 4240 uro,

192 4253 271 4302 Prius
309 4254 389 4302 undis
433 4253 553 4300 llamma.
609 4253 653 4316 Cp.
682 4253 734 4302 Seu.
832 4251 954 4300 Proximos
971 4249 1003 4298 illi
1020 4257 1099 4296 tamen
1115 4245 1239 4307 occupabit

158 4317 255 4382 Thyora
270 4331 293 4381 3.
308 4331 329 4376 ι,
343 4327 374 4380 ῃ
1013 4315 1085 4362 Pallas
1101 4311 1215 4362 honores:

322 4387 400 4434 ‘Ante
411 4398 465 4432 cum
476 4383 576 4433 flammis
587 4397 668 4448 aquae,
