2998 4706
181 208 211 264 ss
230 209 306 294 a-r.
478 196 650 258 onnrro
678 199 955 262 Parammon
991 203 1083 263 vrrr.
1319 223 1380 290 197

176 352 359 418 Antonium
385 359 609 421 auctoritatem
633 359 770 424 damus?
796 380 903 444 quam,
928 371 963 425 ut
987 361 1108 426 milites
1134 362 1213 426 fiant
1237 365 1309 427 sine
1334 368 1380 449 vi,

175 458 249 519 sine
262 458 376 540 multa,
391 460 510 544 studio,
525 461 715 527 voluntate?
736 483 844 546 quam,
860 474 895 527 ut
913 468 1065 547 pecunias
1081 467 1115 528 in
1131 486 1199 529 rem
1219 467 1380 550 publicam

174 560 409 642 polliceantur?
452 564 484 628 Si
506 567 596 628 enim
617 566 691 629 belli
715 586 834 630 nomen
849 567 988 652 tolletur,
1006 570 1252 653 municipiorum
1273 571 1380 635 studia

174 663 345 728 tollentur:
366 686 540 731 consensus
556 669 664 752 populi
679 669 834 754 Romani,
848 673 903 754 qui
920 674 987 735 iam
1001 672 1169 736 descendit
1185 675 1220 735 in
1236 694 1378 759 causam,

140 769 203 830 osi
230 788 289 832 nos
316 769 563 856 languescimus²
589 773 774 837 debilitetur
800 795 931 838 necesse
961 785 1020 839 est.
1072 776 1133 840 Sed
1162 776 1239 859 quid
1265 777 1406 862 plura?⁵

174 871 217 934 D.
240 871 354 936 brutus
376 885 592 958 oppugnatur:
622 886 760 940 nonest
784 877 925 942 bellum?
970 877 1104 942 Mutina
1125 881 1304 944 obsidetur:
1337 901 1379 944 ne

174 975 234 1038 hoc
256 976 386 1058 quidem
408 978 526 1042 bellum
548 981 621 1044 est?
665 980 774 1044 Gallia
800 991 959 1045 vastatur:
984 1001 1067 1064 quae
1088 1002 1150 1067 pax
1177 991 1378 1067 potestesse

173 1081 314 1144 certior?
358 1079 439 1145 Illud
465 1102 541 1146 vero
564 1086 636 1166 quis
660 1094 764 1168 potest
783 1086 902 1148 bellum
923 1105 993 1149 esse
1016 1087 1145 1149 dicere?
1188 1087 1377 1170 Consulem,

173 1181 384 1247 fortissimum
399 1187 515 1270 virum,
531 1207 604 1251 cum
619 1190 759 1252 exercitu
782 1191 946 1252 misimus:
970 1190 1025 1270 qui
1041 1208 1114 1252 cum
1132 1199 1218 1252 esset
1233 1189 1377 1254 infirmus

173 1305 212 1348 ex
238 1289 327 1369 gravi
353 1289 564 1373 diuturnoque
591 1293 713 1375 morbo,
740 1291 861 1354 nullam
890 1293 953 1354 sibi
984 1293 1109 1374 putavit
1136 1295 1377 1356 excusationem
1394 1321 1424 1354 ιο

172 1409 243 1452 esse
272 1401 429 1476 oportere,
459 1413 532 1456 cum
562 1395 602 1458 ad
631 1397 677 1458 rei
708 1395 852 1478 publicae
882 1393 1076 1476 praesidium
1105 1405 1281 1457 vocaretur.
1337 1395 1376 1460 C.

171 1492 301 1574 quidem
326 1494 448 1559 Caesar
477 1517 544 1560 non
570 1500 768 1582 exspectavit
794 1507 900 1560 vestra
924 1497 1062 1580 decreta,
1092 1499 1279 1580 praesertim
1303 1517 1377 1561 cum

173 1594 250 1659 illud
272 1607 357 1661 esset
380 1602 515 1663 aetatis:
540 1600 658 1664 bellum
676 1612 789 1666 contra
804 1602 985 1664 Antonium
1008 1619 1066 1663 sua
1085 1611 1199 1684 sponte
1218 1603 1377 1684 suscepit3

171 1699 365 1764 decernendi
394 1704 485 1766 enim
514 1711 638 1789 tempus
665 1704 808 1769 nondum
838 1714 927 1768 erat:
963 1703 1083 1766 bellum
1113 1714 1222 1767 autem
1245 1704 1374 1787 gerendi

171 1811 296 1887 ternpus
311 1807 339 1867 si
361 1809 638 1891 praetermisisset,
654 1807 784 1872 videbat
806 1828 838 1871 re
860 1807 988 1892 publica
1007 1826 1156 1891 oppressa
1179 1807 1261 1870 nihil
1284 1827 1420 1891 possets

138 1907 310 1970 edecemi.
363 1907 446 1992 Ergo
470 1910 517 1974 illi
543 1920 686 1974 nuncet
713 1931 822 1975 eorum
847 1913 1005 1975 exercitus
1033 1913 1068 1973 in
1096 1930 1173 1994 pace
1199 1921 1374 1975 versantur.

172 2010 253 2074 Non
269 2021 318 2074 est
333 2012 434 2076 hostis
450 2016 490 2097 is,
506 2017 596 2077 cuius
616 2015 810 2099 praesidium
825 2014 979 2079 Claterna
998 2013 1116 2077 deiecit
1135 2013 1286 2096 Hirtius3
1308 2034 1377 2078 non

170 2124 219 2178 est
250 2117 363 2201 hostis,
392 2120 446 2200 qui
478 2119 601 2181 consuli
632 2127 772 2181 armatus
802 2119 944 2201 obsistit,
977 2117 1181 2201 designatum
1210 2118 1375 2181 consulem

169 2231 354 2304 oppugnat3
384 2241 445 2284 nec
471 2221 527 2284 illa
552 2221 684 2285 hostilia
708 2222 806 2284 verba
832 2241 893 2284 nec
919 2220 1045 2304 bellica,
1071 2240 1152 2303 quae
1178 2220 1272 2304 paulo
1298 2229 1374 2282 ante

169 2343 209 2386 ex
232 2324 373 2407 collegae
399 2325 515 2388 litteris
541 2324 646 2388 Pansa
667 2327 834 2388 recitavit:
858 2324 991 2387 Deieci
1019 2323 1267 2407 praesidium3
1290 2323 1374 2388 Cla·
1389 2343 1421 2377 πο

170 2437 279 2490 terna
295 2430 439 2512 potitus
462 2448 561 2510 sum3
584 2427 703 2511 fugati
719 2429 885 2511 equites3
906 2426 1090 2511 proelium
1113 2427 1375 2510 commissum3

169 2532 288 2593 occisi
315 2531 469 2613 aliquot.
522 2531 616 2619 Qae
640 2551 701 2614 pax
726 2539 832 2613 potest
856 2549 926 2592 esse
952 2531 1080 2614 maior?
1132 2527 1280 2592 Dilectus
1305 2539 1376 2593 tota

170 2632 266 2697 Italia
287 2635 407 2699 decreti
430 2634 565 2698 sublatis
586 2634 832 2715 vacationibus3
858 2651 936 2716 saga
958 2652 1027 2696 cras
1050 2641 1237 2715 sumentur3
1263 2633 1374 2696 consul

168 2757 203 2800 se
220 2756 294 2802 cum
309 2737 468 2821 praesidio
482 2737 712 2800 descensurum
725 2733 794 2800 esse
809 2735 903 2800 dixit.

139 2861 156 2910 7
212 2839 333 2905 Utrum
355 2842 415 2904 hoc
438 2840 555 2903 bellum
577 2860 645 2903 non
667 2841 739 2905 est?
784 2838 893 2902 Etiam
915 2848 1043 2902 tantum
1065 2838 1196 2923 bellum,
1217 2849 1374 2922 quantum
1387 2857 1417 2910 ²5

170 2964 345 3027 numquam
366 2945 438 3008 fuit.
482 2943 610 3010 Ceteris
632 2945 723 3006 enim
750 2942 854 3026 bellis,
878 2944 1081 3024 maximeque
1107 2942 1270 3025 civilibus,
1296 2962 1375 3007 con-

168 3050 350 3111 tentionem
366 3049 411 3111 rei
427 3048 574 3132 publicae
588 3067 685 3110 causa
700 3046 849 3110 faciebat.
892 3045 979 3110 Sulla
999 3065 1072 3109 curn
1086 3046 1227 3130 Sulpicio
1246 3045 1286 3108 de
1304 3047 1373 3110 iure

206 3219 226 3254 r.
244 3207 280 3254 Ut
301 3205 404 3254 milites
423 3206 502 3262 siant,
514 3205 581 3252 ‘that
595 3205 652 3266 they
665 3205 746 3252 should
796 3212 844 3252 east
856 3205 884 3251 of
895 3205 1000 3252 Bononia
1019 3203 1159 3268 (bologne),
1174 3202 1250 3252 which
1265 3219 1312 3252 was
1327 3203 1373 3252 still

169 3271 234 3318 eurol
244 3267 389 3324 themselves,
401 3283 425 3318 as
434 3269 489 3332 they
500 3285 542 3318 are
553 3269 640 3334 doing!
796 3271 819 3316 in
835 3265 948 3330 Antony's
962 3270 1096 3330 posession.
1129 3269 1172 3331 Cp.
1183 3269 1249 3318 Fam.
1263 3281 1300 3318 1a.
1313 3281 1336 3332 5.
1350 3283 1372 3320 a.

204 3349 225 3384 a.
244 3337 308 3385 Sine
328 3337 421 3384 multa.
460 3335 513 3384 The
528 3337 586 3384 later
601 3333 669 3385 MSS.
686 3335 745 3384 have
796 3334 873 3383 There
887 3351 926 3382 are
942 3351 995 3382 now
1006 3349 1038 3382 no
1051 3335 1149 3382 tenuius
1166 3336 1194 3383 of
1208 3335 1249 3382 the
1264 3335 1319 3397 city,
1330 3336 1372 3382 hut

169 3402 301 3457 ‘tumultu'
314 3402 356 3449 hut
369 3401 451 3449 Cicero
463 3403 481 3449 ir
495 3401 615 3462 obviously
627 3416 745 3448 enumera·
796 3401 824 3447 its
835 3401 878 3448 site
889 3401 908 3448 is
919 3401 1014 3461 perhaps
1027 3400 1124 3448 marked
1139 3403 1171 3462 by
1182 3401 1222 3448 the
1236 3415 1305 3448 name
1316 3401 1345 3448 ol
1357 3415 1372 3448 a

168 3468 219 3532 ting
229 3467 270 3514 the
281 3467 371 3515 various
379 3467 485 3521 metirer.
495 3467 523 3514 oi
530 3476 638 3514 terroror
649 3468 746 3527 patriot·
795 3467 860 3514 small
875 3475 959 3513 stream
976 3466 1052 3513 which
1068 3481 1152 3514 crossea
1169 3466 1208 3514 the
1225 3466 1316 3513 ancient
1327 3465 1372 3512 Via

168 3532 219 3589 ism,
230 3531 337 3594 whereby
347 3547 401 3580 men
413 3547 452 3580 are
466 3533 600 3594 commonly
611 3533 708 3580 indueed
718 3542 745 3580 to
795 3533 901 3588 Aemilia,
913 3532 984 3579 called
997 3532 1129 3590 Quadema.

169 3599 242 3646 enlist.
829 3610 867 3646 aa.
886 3598 958 3645 Tota
979 3598 1068 3645 ltalia.
1101 3597 1186 3644 Seeon
1197 3607 1220 3656 5.
1234 3607 1272 3652 12,
1285 3607 1324 3655 31.

201 3679 225 3725 4
246 3664 395 3712 Descendit
419 3665 447 3710 in
473 3679 588 3718 eausam.
610 3663 643 3709 ‘ia
661 3662 745 3726 taking
829 3675 867 3724 ²4·
886 3664 1083 3711 Descensurum
1103 3677 1170 3715 esre,
1188 3661 1370 3709 sc.·inlorum.'

169 3742 201 3788 up
218 3727 258 3775 the
271 3725 370 3776 matter?
412 3729 456 3788 Cp.
473 3728 533 3790 Livy
553 3725 593 3790 36.
610 3735 623 3788 7
640 3727 707 3782 ‘Cui
726 3729 744 3774 si
794 3727 837 3788 Cp.
851 3739 872 3775 a.
884 3725 946 3788 6,15
959 3726 1370 3774 ‘Hodienondescenditdntoniua'

169 3794 239 3840 semel
258 3793 281 3839 in
299 3807 391 3841 causam
414 3795 561 3848 descenderit.
581 3793 639 3840 nihil
661 3793 744 3856 integri
829 3801 866 3854 η.
886 3793 937 3840 Rei
963 3793 1089 3854 publicae
1111 3807 1199 3848 eausa,
1219 3797 1247 3839 ‘a
1264 3792 1370 3855 question

170 3858 272 3905 futurum
292 3856 336 3906 sit.'
369 3858 422 3906 The
440 3859 571 3919 expression
589 3873 661 3906 seem
674 3867 700 3905 to
715 3859 743 3904 be
793 3857 901 3922 allecting
912 3857 952 3904 the
963 3859 1035 3905 state!

169 3923 241 3971 taken
261 3924 322 3970 from
337 3925 430 3989 coming
448 3926 516 3972 down
536 3925 586 3971 into
605 3923 646 3971 the
668 3924 744 3970 t'orum
829 3925 896 3972 Cum
928 3923 1059 3984 Sulpicio.
1100 3922 1125 3969 P.
1151 3921 1260 3983 Sulpicius
1288 3922 1370 3977 Rufius.

169 3985 218 4051 (see
228 3989 338 4048 belom
349 3988 386 4050 6).
398 3998 424 4037 to
439 3999 532 4051 support
547 3989 663 4037 afriend's
678 4004 745 4036 cauae
795 3987 960 4037 characteriaed
977 3989 1008 4050 by
1025 3987 1108 4035 Cicero
1125 3987 1200 4050 (Brut.
1220 3997 1258 4048 55,
1272 3987 1331 4048 203)
1345 4001 1370 4032 as

169 4055 193 4102 in
205 4054 245 4102 the
254 4055 297 4102 law
309 4063 391 4103 oourts
795 4055 836 4102 the
847 4053 953 4120 granden
964 4062 1041 4100 orator
1050 4052 1080 4100 he
1087 4052 1134 4099 had
1144 4067 1197 4100 ever
1205 4051 1282 4106 heard.
1290 4051 1370 4110 joined

202 4133 226 4184 9.
245 4120 383 4172 Infirmus.
416 4120 458 4168 See
471 4129 528 4184 Μ.
543 4129 571 4168 ta
584 4129 647 4168 note.
796 4120 885 4167 Marius
905 4121 928 4166 in
948 4118 979 4166 88
999 4118 1066 4174 ihc..
1083 4117 1152 4165 when
1173 4118 1263 4164 tribune
1282 4116 1311 4163 ol'
1330 4115 1369 4162 the

205 4196 241 4232 12.
255 4185 418 4234 Praesertim
433 4202 501 4242 cum.
518 4186 597 4233 'ashe
608 4183 745 4250 mightwell
796 4199 925 4244 commone,
948 4185 994 4231 and
1022 4181 1103 4231 inhia
1125 4182 1206 4230 favour
1244 4189 1270 4228 ot
1292 4183 1370 4228 alass

168 4250 228 4299 have
239 4251 300 4298 done
311 4260 336 4298 at
346 4250 381 4298 his
392 4253 452 4315 age!
482 4252 526 4314 Cp.
539 4260 560 4300 a.
574 4265 612 4313 ²4·
625 4249 730 4300 honote.
795 4251 874 4312 passed
889 4252 921 4312 by
932 4249 1042 4304 violence,
1059 4247 1205 4312 distributing
1249 4247 1370 4294 eltaliana

205 4325 242 4379 17.
256 4318 386 4366 Claterna
396 4332 443 4365 was
454 4317 525 4366 about
536 4326 575 4366 ten
593 4317 658 4366 miles
667 4316 746 4364 south·
795 4316 850 4364 who
860 4316 906 4364 had
922 4316 968 4374 just
979 4313 1082 4363 recered
1096 4312 1137 4360 the
1152 4312 1272 4367 franchise.
1284 4326 1370 4376 among

1256 4584 1375 4628 Q
