2970 4700
145 279 176 337 ῃ
194 274 308 326 ro-a.
442 267 613 330 orario
641 267 918 332 rrrrcrrrrcr
944 269 1048 333 rrrrr.
1277 285 1340 356 299

139 428 287 492 alienum
308 447 429 492 nomen
451 429 519 513 ipse
542 429 655 492 maluit
676 447 772 510 quam
794 429 860 492 illis
881 447 974 494 suum
995 429 1133 495 reddere.
1177 431 1342 517 Cognita

144 541 262 596 morte
290 532 331 600 C.
361 532 544 598 Trebonii
576 551 649 596 non
685 532 767 616 plus
796 535 947 616 gavisus
980 553 1059 600 sum
1090 554 1198 618 quam
1227 537 1341 605 dolui.

143 633 261 698 Videte
289 635 365 718 quid
396 654 430 698 se
459 635 616 718 gavisum,
641 633 718 718 quid
741 633 881 698 doluisse
905 634 1012 700 dicat:
1045 637 1173 702 facilius
1198 640 1238 702 de
1263 659 1341 724 paee

142 737 372 802 deliberabitis.
429 738 589 803 Dedisse
627 756 765 823 poenas
802 739 1027 802 sceleratum
1066 743 1189 804 cineri
1228 751 1341 826 atque

141 842 293 906 ossibus
331 843 534 906 clarissimi
573 842 647 906 viri
687 851 725 906 et
760 843 978 927 apparuisse
1015 861 1151 908 numen
1187 845 1369 916 deorums

143 947 247 1010 intra
274 945 393 1010 finem
422 947 512 1008 anni
543 947 743 1030 vertentis,
776 954 842 1009 aut
878 947 952 1010 iam
988 946 1116 1010 soluto
1152 948 1341 1033 supplicio

142 1049 341 1134 parricidii
371 1057 434 1112 aut
464 1047 721 1133 impendente,
748 1048 964 1112 laetandum
993 1059 1060 1113 est.
1115 1050 1148 1119 Ο
1173 1051 1340 1136 Spartace!

139 1171 237 1236 quem
264 1153 352 1215 enim
378 1160 412 1215 tc
438 1153 545 1236 potius
569 1151 750 1236 appellem?
786 1153 875 1215 cuius
903 1161 1031 1236 propter
1058 1153 1194 1218 nefanda
1223 1155 1342 1220 scelera

142 1256 319 1320 tolerabilis
356 1255 453 1320 fuisse
486 1255 613 1319 videtur
648 1253 818 1319 Catilina:
854 1254 1039 1319 laetandum
1075 1275 1159 1346 esse¹
1177 1277 1269 1322 ausus
1306 1277 1341 1321 es

140 1362 279 1424 scribere
315 1359 516 1424 Trebonium
542 1357 669 1423 dedisse
707 1359 854 1442 menas?
891 1359 1080 1422 sceleratum
1112 1359 1341 1426 Trebonium?
1357 1381 1388 1420 re

2 1545 16 1560 ,
137 1483 204 1546 quo
232 1463 363 1547 scelere,
392 1463 459 1526 nisi
488 1461 572 1544 quod
601 1471 634 1525 te
665 1459 773 1525 Idibus
802 1460 935 1525 Martiis
963 1480 983 1524 a
1011 1461 1120 1526 debita
1152 1464 1214 1526 tibi
1252 1473 1342 1548 peste

2 1624 18 1636 ,,
87 1567 295 1632 ”seduxiti
351 1567 432 1650 Age,
466 1567 528 1630 hoc
565 1565 717 1630 laetaris:
761 1564 929 1628 videamus
964 1565 1040 1648 quid
1077 1567 1213 1630 moleste
1249 1567 1341 1632 feras.

3 1661 8 1666 ’
138 1667 348 1732 iudicatum
385 1669 454 1732 hoc
493 1675 661 1752 tempore
698 1667 841 1730 hostem
878 1667 1127 1752 Dolabellam,
1163 1689 1206 1732 eo
1246 1671 1341 1753 quod

139 1773 318 1836 sicarium
347 1771 545 1856 occiderit,
573 1780 612 1835 et
643 1770 766 1834 videri
797 1772 979 1834 cariorem
1009 1773 1145 1857 populo
1170 1773 1342 1838 Romano

140 1877 269 1943 filium
305 1895 452 1941 scurrae
488 1895 596 1959 quarn
632 1875 672 1940 C.
704 1874 916 1959 Caesarem,
953 1877 1098 1959 patriae
1134 1887 1340 1962 parentem,
1357 1899 1386 1952 ις,

139 1979 465 2065 ingemiscendum
494 1988 561 2042 est
620 1976 708 2064 Qid
738 1979 926 2062 ingemiscis
956 1980 1081 2044 hostem
1106 1980 1341 2061 Dolabellam?

141 2083 246 2169 quid?
281 2092 314 2146 te
343 2101 410 2146 non
440 2081 598 2164 intelligis
627 2081 748 2144 dilectu
777 2089 847 2144 tota
876 2079 973 2145 Italia
1007 2083 1128 2166 habito,
1159 2085 1341 2148 consulibus

142 2188 261 2270 missis,
276 2187 414 2252 Caesare
433 2194 558 2269 ornato,
576 2185 661 2267 sagis
681 2184 819 2266 denique
836 2185 973 2269 stunptis
993 2186 1118 2249 hostem
1140 2187 1341 2252 iudicatum?

142 2290 231 2378 Qid
267 2299 316 2354 est
353 2299 474 2374 autem,
509 2288 675 2372 scelerate,
710 2286 794 2369 quod
831 2306 940 2369 gemas
976 2288 1101 2351 hostem
1138 2288 1340 2354 Dolabellam

142 2394 319 2458 iudicatum
356 2411 376 2455 a
404 2391 544 2455 senatu?
580 2408 676 2472 quern
705 2397 740 2452 tu
770 2388 917 2452 ordinem
948 2391 1085 2453 omnino
1116 2410 1185 2454 csse
1218 2393 1340 2456 nullum
1355 2420 1387 2457 eo

7 2487 32 2509 ²
141 2505 245 2581 putas,
269 2495 324 2560 sed
350 2514 422 2559 earn
447 2494 510 2558 tibi
537 2511 664 2557 causam
690 2491 766 2554 belli
790 2491 921 2574 gerendi
948 2494 1110 2578 proponis,
1132 2503 1169 2557 ut
1194 2503 1341 2560 senatum

27 2701 29 2708 ¹
177 2692 199 2728 1.
222 2680 368 2733 Alienum.
397 2682 427 2722 ‘a
455 2675 504 2723 title
524 2673 601 2722 which
623 2674 653 2722 he
674 2674 717 2722 has
766 2673 880 2736 probably
891 2675 983 2724 written
1000 2675 1157 2740 immediately
1168 2677 1228 2726 aiter
1244 2681 1340 2744 Antony

33 2767 38 2804 ς
139 2740 265 2794 forfeited!
766 2739 813 2787 bad
824 2740 927 2787 received
938 2739 978 2788 the
989 2755 1058 2789 news.

174 2809 198 2858 6.
218 2811 291 2858 lutra
317 2809 412 2863 linem.
435 2805 488 2864 dte„
516 2805 612 2854 ‘before
633 2802 717 2852 twelve
801 2813 823 2867 7.
842 2806 979 2868 Spartace.
1015 2807 1059 2868 Cp.
1074 2823 1098 2866 4.
1118 2805 1143 2864 6,
1167 2819 1196 2870 15
1212 2808 1257 2855 and
1279 2819 1302 2870 3.
1317 2807 1342 2866 8,

7 2873 37 2922 -d
141 2875 235 2924 months
246 2875 293 2921 had
303 2874 384 2934 passm
393 2873 478 2935 away;'
490 2870 717 2928 not‚thatis‚beiore
769 2881 796 2918 οι
811 2879 874 2918 note.

140 2934 717 3001 theend0i448.C.‚butwithintwelremonths
800 2949 824 2999 9.
841 2935 1019 2983 Laetandum
1063 2952 1130 2992 esse.
1163 2935 1208 2985 &a
1269 2937 1341 2984 Habn

7 2997 41 3028 l*
140 3007 170 3055 oi
183 3002 286 3056 Caesar’s
302 3004 380 3051 death.
413 3003 456 3063 Cp.
473 3001 718 3063 proninct.12‚40
767 3000 929 3063 placesanote
937 3002 966 3048 oi
970 3002 1135 3066 interrogation
1144 3001 1342 3059 sternentem:

141 3071 251 3119 ‘Petisses
259 3069 348 3125 statim
361 3069 379 3115 si
386 3083 433 3116 non
441 3069 528 3124 statim,
539 3067 616 3128 paullo
624 3066 717 3127 quidem
768 3082 792 3114 as
803 3065 894 3130 though
905 3065 987 3114 Cicero
998 3067 1046 3115 first
1057 3068 1181 3116 marvelled
1192 3076 1217 3114 at
1228 3068 1342 3130 Antonfs

141 3145 206 3198 poen
223 3136 242 3183 si
253 3134 392 3195 nonpaulio.
402 3143 426 3181 at
436 3134 565 3194 aliquanto;
576 3147 616 3179 sex
625 3131 718 3192 quidem
766 3130 854 3194 finding
866 3146 911 3192 any
922 3146 989 3179 cause
1001 3133 1038 3179 ior
1055 3133 1149 3192 reJ'oicin
1166 3168 1173 3188 ,
1183 3133 1229 3180 and
1245 3133 1301 3181 then
1317 3141 1342 3182 at

141 3203 184 3250 iilia
201 3201 316 3250 mensibus
332 3201 450 3262 prolect03
472 3213 534 3246 anno
550 3205 652 3244 vertente
669 3195 717 3244 sine
767 3196 808 3244 the
818 3196 907 3256 subject
917 3197 946 3243 oi
953 3196 989 3244 bis
998 3197 1048 3259 joy.
1082 3197 1140 3245 This
1149 3148 1258 3246 however
1269 3199 1341 3246 intro·

141 3265 311 3316 controversia!
341 3267 433 3314 Annus
447 3273 555 3312 vertens
568 3261 666 3326 significa
678 3259 718 3308 tbe
767 3263 862 3308 ducesa
878 3261 978 3308 needless
994 3262 1164 3324 compilation,
1176 3264 1222 3312 and
1239 3273 1342 3328 suggests
1383 3261 1386 3266 '

26 3329 30 3360 ·'
141 3334 199 3380 time
206 3331 289 3378 within
300 3330 376 3378 which
388 3329 428 3376 the
439 3329 502 3391 eycle
513 3326 585 3375 nithe
593 3326 717 3374 earth’sre·
766 3342 780 3373 a
792 3327 876 3374 cliniax
888 3325 963 3373 which
972 3328 1027 3375 does
1038 3335 1080 3374 not
1091 3328 1157 3384 exist,
1166 3329 1227 3376 from
1239 3330 1342 3378 ‘dedisse

140 3397 247 3446 volufion
255 3397 274 3444 is
280 3396 418 3456 eompleted,
428 3394 467 3442 the
473 3394 533 3442 soler
541 3409 603 3456 year,
612 3400 637 3439 at
644 3389 716 3439 urbat-
766 3391 862 3452 poenas’
874 3399 899 3439 to
911 3393 1060 3440 ‘melmatum
1072 3392 1229 3442 Trebonium!

14 3482 38 3516 r,
140 3459 608 3522 ererdatethecomputationlrbegun.
637 3457 716 3504 lienes
802 3468 839 3504 ιο.
858 3457 978 3506 seduxit.
1012 3457 1241 3520 Cp.l·“am.10.28‚t
1258 3459 1342 3521 ‘Qoe

42 3529 46 3555 ³
140 3527 326 3588 itisappliediu
342 3526 441 3573 awidcr
456 3539 520 3572 sense
534 3534 560 3572 te
574 3539 588 3570 a
604 3521 716 3583 supposed
766 3531 889 3577 seruate,
906 3521 956 3569 viro
971 3523 1068 3584 optimo,
1084 3524 1189 3572 aeducms
1204 3533 1239 3572 est
1254 3533 1341 3586 tuoque

141 3593 206 3655 cycle
218 3593 246 3639 ol
260 3591 300 3639 the
311 3591 422 3646 universe.
439 3598 464 3637 at
480 3590 521 3636 the
536 3589 582 3636 end
596 3590 626 3634 of
638 3585 715 3634 which
765 3586 877 3636 beneficio
891 3587 966 3635 adhuc
983 3589 1040 3636 vivit
1056 3589 1113 3636 haec
1129 3589 1205 3649 pestis,
1217 3589 1340 3644 irrterdum.

8 3671 46 3708 aa
141 3659 172 3706 all
184 3657 225 3706 the
235 3657 348 3720 hearenly
359 3657 438 3704 bodies
454 3651 715 3716 mtoundoecupying
780 3653 828 3700 uod
844 3652 901 3699 mihi
912 3653 952 3700 vix
969 3653 1003 3700 ias
1018 3661 1060 3709 est.
1072 3654 1114 3702 tibi
1126 3653 1267 3702 subirascor.⁸
1301 3655 1340 3702 On

12 3736 13 3743 ¹
141 3723 183 3772 the
195 3738 257 3772 same
268 3723 378 3783 positione
390 3737 415 3769 as
427 3729 450 3768 at
466 3721 494 3769 its
510 3727 716 3774 commeneement,
792 3733 806 3765 e
821 3719 927 3766 occasion
946 3718 975 3765 ol
988 3719 1090 3767 Caesar's
1105 3721 1198 3767 murder
1211 3719 1340 3768 Trebonius

9 3839 13 3846 ,
141 3789 166 3837 in
184 3789 235 3837 cte.
252 3789 281 3835 de
299 3789 357 3850 Rep.
376 3784 400 3836 6.
421 3798 459 3842 as.
472 3798 503 3847 ²4
514 3785 604 3848 (somn.
616 3783 675 3844 Scip.
689 3783 715 3844 7)
765 3781 826 3830 took
837 3783 933 3846 Antony
944 3783 1013 3840 aeide,
1025 3793 1066 3831 not
1078 3785 1138 3831 from
1149 3799 1195 3846 any
1206 3786 1304 3834 motires
1315 3785 1345 3833 oi

40 3866 48 3894 t
140 3854 219 3902 ‘Cum
242 3855 271 3901 ad
292 3854 353 3900 idern
372 3853 433 3900 uude
453 3851 522 3898 semel
544 3850 646 3912 prolecta
665 3857 717 3896 sunt
766 3848 874 3895 kindness
890 3849 990 3898 towards
1012 3849 1129 3904 himbria
1150 3857 1176 3898 to
1192 3859 1289 3911 prevent
1305 3849 1341 3899 his

140 3928 225 3968 cuncta
254 3927 314 3966 astra
341 3917 448 3966 redierint
475 3916 617 3977 eandemque
645 3913 716 3962 totius
766 3913 922 3961 interference.

141 3985 199 4034 caeli
211 3984 386 4046 descriptionem
397 3981 471 4046 longis
488 3981 610 4029 intera-allis
623 3979 716 4027 rettule-
801 3989 838 4039 15.
858 3979 977 4027 Scurrae.
1011 3977 1064 4027 The
1077 3977 1154 4028 father
1169 3979 1198 4027 oi
1210 3978 1340 4028 Trebonius

142 4051 197 4107 rint,
212 4058 263 4098 tum
283 4049 320 4096 ille
339 4063 393 4100 rere
410 4057 497 4096 uer-lem
516 4061 591 4094 mss
608 4043 715 4106 appellari
765 4043 853 4104 isonly
868 4043 957 4090 known
972 4053 997 4092 to
1013 4060 1039 4092 us
1053 4047 1113 4093 irem
1126 4045 1282 4106 chirchapter,
1294 4046 1340 4094 and

11 4115 52 4172 „s
140 4123 232 4178 potat:
248 4115 272 4162 in
283 4129 329 4176 quo
341 4115 381 4161 rix
392 4115 467 4162 dicere
477 4113 552 4160 audeo
563 4125 633 4172 quam
644 4110 716 4160 mults
766 4109 831 4161 Fam
843 4109 858 4156 l.
870 4123 899 4165 c..
909 4108 986 4157 where
1001 4109 1031 4157 he
1046 4111 1065 4158 is
1079 4110 1153 4174 styled
1170 4110 1242 4158 ‘ciris
1259 4111 1341 4158 acerri-

34 4182 54 4226 ,ὕ
141 4181 263 4229 hominum
283 4180 372 4228 saecula
389 4177 524 4227 teneantur!
558 4176 611 4223 The
625 4175 717 4222 murder
766 4174 832 4222 mus!

16 4243 55 4276 '⁵¹
141 4245 305 4294 oiTrebonius
316 4259 363 4293 was
375 4246 445 4293 about
457 4242 592 4291 theendos
600 4241 716 4302 February
801 4237 838 4288 16.
858 4241 971 4289 Hostem
995 4241 1179 4292 Dolabellam·
1220 4239 1273 4289 One
1289 4239 1341 4289 MS.

140 4309 268 4374 (Merivale
284 4323 306 4374 3.
323 4319 386 4372 οδω
407 4325 443 4372 cp.
464 4307 618 4356 introduction
635 4314 660 4354 to
676 4307 716 4354 the
766 4305 821 4354 adds
832 4305 987 4354 ‘iudicatum'

142 4376 249 4425 eleventh
268 4375 376 4436 oration),
392 4389 418 4423 so
441 4375 492 4422 that
512 4373 558 4421 this
578 4372 644 4420 letter
666 4385 714 4418 was
