2868 4700
80 261 235 316 κιο-ιι
418 254 587 315 oraclo
615 253 886 314 Parammon
914 253 963 312 11.
1245 263 1286 334 59

32 432 71 500 1¹1
119 417 217 482 Haec
242 429 280 482 ut
301 418 480 503 colligeres,
500 419 596 482 homo
614 419 850 502 amentissime,
865 425 915 479 tot
933 415 1003 479 dies
1025 417 1061 478 in
1080 415 1188 480 aliena
1208 416 1286 480 villa

79 521 299 586 declamasti?
320 540 515 605 quamquam
524 531 560 586 tu
578 521 721 606 quidem,
737 529 772 584 ut
793 522 841 584 tui
853 519 1102 584 familiarissimi
1117 519 1283 603 dictitant,

78 627 145 688 vini
166 625 339 710 exalandi,
361 645 428 690 non
449 627 574 710 ingenii
595 627 731 690 acuendi
751 645 847 688 causa
860 623 1030 687 declamas.
1076 625 1122 688 At
1135 642 1213 687 vero
1231 625 1287 688 ad-

77 731 166 792 hibes
189 730 260 792 ioci
283 748 380 792 carisa
397 721 595 814 magistmm‚
617 728 770 812 suffragio
790 737 846 790 tuo
868 736 901 790 et
917 735 1138 810 compotorum
1158 735 1287 790 tuorum

77 834 253 915 rhetorem,
263 835 319 895 coi
334 835 524 896 concessisti
533 843 569 897 ut
585 835 620 894 in
631 841 663 896 te
674 852 755 915 quae
767 832 865 895 vellet
874 831 1007 914 diceret,
1019 831 1139 894 salsum
1150 833 1286 894 omnino
1301 853 1314 902 5

78 938 261 1019 hominem,
279 935 334 1000 sed
349 938 488 999 materia
502 936 607 1000 facilis
620 945 671 1000 est
687 938 722 998 in
733 945 767 999 te
782 943 816 999 et
827 937 863 998 in
877 944 950 998 tuos
965 935 1053 998 dicta
1063 934 1181 999 dicere.
1204 933 1287 999 Vide

77 1048 186 1102 autem
207 1039 289 1122 quid
308 1041 437 1102 intersit
457 1041 543 1102 inter
564 1049 597 1102 te
618 1048 651 1103 et
670 1059 766 1103 avum
788 1048 889 1102 tuum.
933 1037 992 1101 Ille
1006 1040 1127 1102 sensim
1147 1038 1287 1122 dicebat,

34 1165 67 1211 aa
77 1142 158 1225 quod
174 1163 298 1206 causae
315 1142 497 1226 prodesset:
520 1153 555 1206 tu
568 1143 687 1207 cursim
702 1143 786 1206 dicis
806 1143 923 1205 aliena.
969 1141 1013 1205 At
1027 1135 1151 1225 quanta
1165 1161 1287 1206 merces

78 1247 200 1309 rhetori
214 1245 296 1308 data
309 1246 377 1310 est!
401 1245 532 1328 Audite,
544 1247 664 1330 audite,
679 1256 785 1330 patres
795 1247 981 1330 conscripti,
992 1255 1026 1308 et
1040 1247 1225 1329 cognoscite
1240 1248 1287 1308 rei

78 1350 229 1435 publicae
244 1350 388 1412 vulnera.
432 1349 507 1413 Duo
521 1350 614 1412 milia
631 1351 775 1434 iugerum
790 1349 897 1433 campi
914 1348 1069 1411 Leontini
1084 1348 1154 1412 Ser.
1169 1346 1288 1412 Clodio
1303 1373 1334 1408 lo

78 1454 201 1516 rhetori
217 1453 392 1536 assignasti
405 1461 438 1515 et
447 1452 577 1534 quidem
588 1454 758 1538 immunia,
773 1461 808 1515 ut
823 1451 931 1537 populi
943 1451 1086 1516 Romani
1098 1461 1191 1515 tanta
1206 1471 1289 1514 mer-

78 1556 157 1620 cede
174 1555 262 1618 nihil
277 1573 388 1640 sapere
403 1555 550 1620 disceres.
581 1557 674 1620 Num
688 1558 790 1620 etiam
812 1557 882 1640 hoc,
896 1557 993 1617 homo
1010 1553 1234 1638 audacissime,
1250 1573 1289 1616 ex

77 1659 237 1724 Caesaris
253 1661 519 1724 commentariis?
562 1659 622 1724 Sed
637 1660 743 1723 dicam
758 1659 823 1722 alio
845 1659 916 1722 loco
931 1667 964 1722 et
979 1658 1018 1722 de
1035 1659 1198 1722 Leontino
1212 1677 1289 1742 agro

78 1775 114 1827 et
137 1763 179 1825 de
204 1763 387 1846 Campani),
402 1782 480 1845 quos
505 1765 568 1826 iste
592 1782 684 1847 agros
707 1771 832 1846 ereptos
855 1763 901 1824 rei
927 1763 1071 1846 publicae
1094 1763 1289 1847 turpissimis

79 1867 320 1952 possessoribus
349 1868 543 1948 inquinavit.
588 1865 658 1930 lam
687 1867 789 1950 enim,
818 1867 972 1948 quoniam
1002 1866 1193 1930 criminibus
1218 1867 1332 1938 eius15

51 1969 56 1976 ’
79 1973 164 2036 satis
183 1969 346 2053 respondi,
362 1969 403 2032 de
428 1970 497 2054 ipso
522 1970 728 2034 emendatore
752 1979 785 2032 et
806 1978 982 2033 correctore
1003 1979 1112 2033 nostro
1133 1970 1289 2052 quaedam

81 2073 225 2138 dicenda
238 2081 322 2136 sunt.
367 2073 405 2137 N
407 2092 445 2136 ec
458 2074 548 2136 enim
562 2074 674 2136 omnia
689 2072 862 2152 effundam,
877 2082 924 2156 ut,
939 2074 967 2136 si
983 2075 1110 2156 saepius
1124 2073 1290 2137 decertan-

121 2285 142 2317 ι.
161 2269 195 2316 ln
217 2267 312 2315 aliena
332 2269 411 2315 villa.
450 2267 475 2316 ln
497 2268 592 2330 Scipio's
611 2269 665 2316 silla
715 2269 794 2325 isloi,
812 2269 851 2331 qui
873 2269 902 2317 de
919 2278 943 2316 te
965 2279 1056 2317 oratore
1073 2270 1105 2316 sic
1127 2271 1289 2330 praedicarem.

82 2345 109 2383 at
121 2335 219 2382 'l'ibnrt
237 2343 396 2398 tp.5.7.19.
715 2349 785 2381 unum
798 2345 821 2382 te
831 2336 855 2381 in
866 2335 963 2382 dicendo
979 2336 1036 2382 mihi
1048 2335 1118 2382 videri
1130 2334 1289 2390 tectissimum,

117 2413 143 2462 5.
163 2400 329 2448 Rhetorem.
363 2399 415 2446 Sea.
434 2399 536 2454 Clodius,
553 2399 582 2446 ol'
595 2399 663 2462 Sicily
713 2399 877 2462 propriumque
898 2400 944 2448 hoc
966 2416 1014 2448 esse
1034 2401 1105 2448 laudis
1125 2410 1179 2448 tuae
1198 2400 1255 2446 nihil
1276 2415 1289 2446 a

83 2465 375 2528 (nottobeoonfounded
386 2463 613 2522 withSeraCloditrs,
623 2465 663 2512 the
713 2475 738 2513 te
757 2480 867 2526 umquam
887 2481 935 2514 esse
952 2466 1048 2522 dictum,
1068 2466 1130 2527 quod
1150 2467 1241 2512 elimet
1260 2465 1289 2521 el,

83 2533 134 2580 tool
147 2530 179 2578 os
186 2531 213 2577 P.
225 2530 419 2586 Clodius‚seeon
430 2541 450 2576 1.
462 2528 526 2591 1,3),
535 2546 583 2578 stas
594 2531 663 2578 noted
714 2545 756 2591 pro
768 2547 814 2592 quo
826 2532 926 2578 diceres!
1182 2551 1184 2555 ·

82 2600 121 2645 for
145 2597 184 2644 his
205 2594 253 2650 stit,
277 2596 353 2642 which
380 2596 399 2643 is
427 2595 606 2660 aclmowledged
633 2598 665 2660 by
748 2595 771 2644 8.
788 2596 898 2652 Aliena,
911 2595 1247 2658 'allthatcsndoitinjury.'

82 2665 173 2712 Cicero
190 2661 290 2716 himself.
306 2663 356 2708 Att.
376 2679 400 2721 4.
424 2671 460 2720 15.
481 2675 494 2708 a
515 2662 616 2710 ‘Vereor
635 2677 665 2710 ne
750 2674 788 2710 10.
806 2662 945 2726 iugerum.
969 2677 994 2709 as
1010 2662 1162 2717 ⁸nummum,'
1181 2662 1291 2722 'ampho-

83 2731 167 2790 lepore
189 2737 213 2774 te
235 2741 278 2774 suo
294 2728 397 2774 derium
413 2727 497 2773 diutim
517 2727 595 2774 rhetor
610 2727 666 2775 Clo-
715 2728 782 2782 rum:
799 2727 971 2782 ‘medimnum'
989 2727 1034 2774 aud
1052 2727 1119 2774 other
1136 2728 1248 2791 genitives
1267 2729 1291 2774 in

84 2793 154 2842 dius!
199 2793 237 2840 He
259 2791 374 2840 mentions
393 2791 442 2839 him
464 2793 531 2856 again
559 2793 583 2840 in
610 2809 664 2840 con·
715 2807 826 2840 common
836 2807 876 2840 use
885 2808 911 2839 as
921 2807 1042 2840 mensures.
1075 2793 1159 2840 Seeon
1172 2805 1194 2853 5.
1207 2807 1229 2855 3,
1252 2805 1290 2840 ιι.

84 2867 224 2921 emptuons
235 2867 312 2915 tems,
326 2871 348 2919 3.
359 2871 384 2920 9,
398 2870 435 2904 aa.
750 2860 847 2920 Campi
868 2858 1018 2906 Leontini:
1035 2873 1071 2919 cp.
1083 2873 1103 2906 e.
1116 2869 1220 2918 3q‚101.
1239 2858 1291 2906 'l'he

121 2925 204 2985 Quae
221 2924 319 2971 vellet.
342 2921 450 2970 Plutarch
461 2938 512 2986 says
523 2924 553 2970 of
560 2925 665 2986 Antony,
716 2933 775 2973 state
790 2924 896 2970 domains
912 2924 941 2970 os
950 2923 1057 2970 Leomini
1075 2939 1135 2971 were
1152 2924 1235 2971 almost
1252 2939 1292 2970 en·

84 3006 106 3039 e.
128 3003 161 3050 14
178 2991 325 3050 ἀντισκῢψω
345 2989 400 3048 ἐξῆν
416 2989 454 3036 eal
471 2987 608 3048 ismaelem
627 2988 666 3036 sal
715 2990 783 3050 tirely
802 2990 825 3036 in
845 2989 886 3036 the
908 2988 980 3036 hands
999 2989 1028 3036 oi
1046 2989 1136 3054 foreign
1158 3004 1291 3050 possessors.

84 3055 226 3116 prunam
237 3055 285 3114 οὖχ
296 3051 371 3110 ἧτταν
382 3052 398 3110 ἦ
408 3055 489 3112 masis
501 3052 590 3114 ἔχαιρε.
716 3055 789 3103 either
806 3055 899 3102 Roman
916 3055 1016 3110 citizens,
1034 3070 1060 3102 or
1076 3057 1163 3102 natives
1183 3056 1211 3101 ol
1225 3055 1292 3103 other

121 3121 257 3175 Omnino,
285 3118 430 3180 ‘certainly,'
469 3120 507 3167 ‘it
540 3129 601 3168 most
638 3121 667 3167 he
716 3120 914 3182 statesinSicily:
931 3135 969 3168 see
980 3117 1291 3184 Verr.elet.a.a.46‚109

86 3185 202 3252 μή·
718 3187 759 3233 'ln
770 3201 826 3249 agro
838 3185 953 3232 Leontino
968 3195 1056 3246 praeter
1067 3201 1138 3233 unam
1150 3185 1291 3234 Mnasistrati

121 3248 147 3300 6.
170 3251 265 3305 Dicta,
298 3249 385 3311 ‘sharp
412 3248 518 3313 nyings:
539 3250 667 3306 ‘dicteria'
717 3250 1292 3315 familiamglebamLeontinorumpossidetuerno.'

87 3315 286 3366 liketheFrench
303 3315 390 3362 ‘mom'
418 3315 460 3377 Cp.
471 3317 501 3363 de
512 3316 578 3364 Orat.
593 3329 614 3364 a.
627 3327 666 3377 54.
753 3317 948 3364 aalmmnnia.
989 3316 1067 3364 Under
1078 3317 1185 3378 ordinary
1196 3317 1293 3364 circum·

90 3395 137 3430 aaa
159 3383 241 3430 'ilaec
260 3381 346 3428 scilicet
364 3381 425 3428 bona
448 3381 517 3436 dicta.
535 3397 593 3444 quae
610 3382 667 3430 salsa
717 3391 806 3431 stances
817 3382 870 3430 land
882 3381 934 3430 thus
949 3381 1003 3430 held
1015 3383 1090 3430 would
1108 3383 1166 3430 have
1178 3382 1231 3443 pald
1248 3397 1293 3430 one

88 3449 148 3504 sint;
166 3462 223 3495 nam
240 3462 267 3494 ea
279 3445 340 3494 dicta
356 3445 498 3508 appellantur
513 3447 605 3510 proprio
620 3448 667 3494 iam
717 3448 784 3497 tenth
791 3449 819 3495 of
823 3447 863 3496 the
874 3449 982 3508 produce,
994 3448 1130 3503 'decumae’
1141 3456 1168 3495 to
1177 3448 1217 3495 the
1226 3456 1293 3495 state.

89 3513 200 3562 nomine!
226 3513 305 3560 Hence
313 3512 440 3560 theuseof
445 3510 485 3559 the
493 3522 592 3577 cognate
602 3527 669 3560 aceu-
718 3513 874 3561 Clodiusheld
882 3514 919 3562 his
927 3524 977 3561 rent
989 3515 1078 3570 iree‚so
1090 3513 1141 3560 that
1152 3513 1293 3561 theRoman

89 3581 171 3634 sative,
186 3577 276 3641 usually
289 3578 344 3640 only
356 3578 428 3625 found
442 3577 499 3624 with
511 3577 551 3624 the
564 3579 668 3638 addition
718 3579 799 3639 people
814 3595 861 3626 was
880 3579 967 3642 douhly
984 3579 1115 3633 defrauded,
1135 3579 1190 3634 first,
1209 3581 1234 3626 in
1250 3589 1293 3626 not

89 3648 156 3694 olan
167 3643 283 3704 adjective
300 3659 334 3706 οι1
342 3658 456 3704 pronoun‚
469 3643 552 3690 ‘dicta'
564 3643 669 3692 contain·
718 3645 787 3709 being
810 3646 860 3693 able
883 3653 909 3693 to
928 3645 1004 3709 assign
1022 3647 1051 3692 its
1073 3644 1126 3692 land
1147 3654 1172 3693 to
1192 3661 1206 3691 a
1229 3659 1293 3693 more

91 3712 129 3774 ing
149 3712 174 3757 in
195 3708 260 3756 itself
278 3709 318 3756 the
337 3709 444 3770 requirite
463 3709 589 3756 additional
609 3711 667 3758 idea.
717 3711 809 3772 worthy
821 3719 943 3771 occupant.
955 3711 1000 3758 and
1011 3711 1126 3773 secondly.
1139 3711 1163 3758 in
1178 3711 1252 3775 loting
1264 3711 1293 3758 its

91 3776 130 3823 See
142 3775 235 3828 Madv..
248 3779 260 3833 ξ
276 3787 331 3833 ιιι.
345 3774 401 3821 Oba.
414 3787 437 3836 4.
718 3787 774 3824 rent.
803 3776 882 3824 Hence
893 3777 957 3836 Pop.
968 3777 1048 3824 Rom.
1061 3785 1141 3824 tanta
1157 3777 1293 3825 mercede.

125 3851 148 3902 7.
166 3841 265 3896 Aruns,
284 3839 326 3887 the
347 3841 438 3886 famous
460 3847 545 3896 orator,
566 3839 601 3888 Μ.
620 3841 668 3887 An·
754 3854 791 3889 ra.
808 3841 888 3888 Nihil
908 3856 1017 3903 sapere.
1036 3841 1078 3889 See
1089 3855 1120 3888 on
1134 3857 1154 3890 c.
1167 3853 1191 3902 3,
1203 3841 1227 3890 8.

93 3908 177 3953 tonius.
211 3904 256 3952 For
270 3905 306 3952 his
317 3906 429 3960 cautious,
439 3904 562 3954 deliberate
573 3906 631 3969 style
643 3905 671 3952 ol
753 3919 790 3969 13.
807 3907 873 3954 alto
891 3907 964 3954 loco.
993 3907 1035 3955 See
1047 3923 1066 3954 c.
1080 3921 1119 3970 39,
1130 3919 1185 3955 101.

93 3971 214 4034 speaking,
237 3971 351 4025 'sensim'
371 3985 407 4031 cp.
424 3971 453 4019 de
472 3971 537 4018 Orat.
552 3985 576 4030 3.
593 3985 617 4034 9,
636 3983 666 4032 3²
754 3969 791 4020 16.
810 3973 850 4019 De
881 3973 942 4033 ipso
970 3973 1154 4020 emendatore
1181 3981 1207 4020 et
1237 3986 1295 4020 cor·

94 4036 235 4092 'Videtisne
258 4051 329 4100 garos
351 4036 397 4084 hoc
418 4036 480 4097 quod
504 4037 533 4084 sit
552 4036 668 4084 Antonii?
719 4047 837 4094 rectore,
855 4043 910 4086 ‘our
928 4038 1044 4085 would-be
1068 4038 1231 4086 schoolmaster
1249 4037 1294 4084 and

94 4103 161 4157 lorte.
173 4101 304 4156 echonem,
313 4111 457 4150 commotum
468 4103 492 4149 in
503 4103 672 4166 agendapraa·
722 4103 845 4152 reformer.¹
889 4103 919 4150 So
946 4103 1012 4166 Pliny
1029 4105 1085 4151 Pan.
1112 4101 1128 4151 6
1156 4103 1296 4150 ‘corrector

95 4167 208 4214 manium
225 4176 246 4214 rt
262 4182 290 4215 as
307 4168 371 4214 onmi
383 4177 451 4229 ports
463 4182 546 4215 eomas
560 4176 670 4230 saeptam,
721 4169 900 4231 emendatosque
918 4169 1048 4230 disciplinae
1065 4167 1207 4216 castrorum!
1241 4165 1296 4213 Fur·

95 4248 154 4286 acre,
177 4241 279 4288 acutum.
299 4233 449 4290 enucleatum,
472 4234 497 4280 s'n
519 4249 565 4280 aaa
630 4249 672 4296 pue
720 4234 800 4283 nalettl
812 4235 881 4283 refers
892 4243 918 4282 to
930 4235 1026 4296 Bentley
1037 4250 1068 4281 on
1085 4234 1142 4282 Hor.
1154 4233 1210 4292 Epp.
1225 4242 1246 4278 1.
1259 4243 1296 4293 15,

95 4313 120 4346 re
139 4297 297 4354 commorans:
315 4298 373 4352 &cd
393 4299 424 4346 ib.
443 4312 465 4346 2.
485 4307 522 4361 73.
540 4311 553 4347 2
605 4299 671 4363 ‘Ego
722 4311 752 4360 37
765 4297 903 4358 *εἰρηνικαῖς
920 4301 1066 4346 etinvidiose
1078 4305 1191 4344 corrector
1203 4295 1294 4352 dieitur.

97 4361 233 4415 mehercule.
245 4364 320 4425 inquit
339 4362 453 4426 (Caesa).
475 4365 571 4418 Antoni,
583 4377 672 4423 semper
722 4364 761 4424 qui
773 4363 829 4408 allos
840 4360 937 4422 castigat
949 4361 997 4419 ipse
1008 4361 1108 4405 eiusdem
1121 4359 1201 4414 culpae
1213 4362 1279 4405 reus!
