2970 4698
152 223 194 308 96
497 228 546 288 M.
577 224 737 288 TULLII
766 222 1017 288 CICERONIS
1172 253 1216 292 oo.
1228 238 1355 292 41-48.

154 383 328 470 Laconem,
349 403 482 468 quorum
504 386 585 448 alter
605 384 782 468 gladiorum
804 393 853 448 est
875 385 1034 467 princeps,
1056 382 1137 446 alter
1158 381 1355 466 pontiorum.

153 487 241 573 Qid
261 507 321 572 ego
342 489 414 552 illas
433 491 525 552 istius
545 491 650 552 minas
669 487 940 570 contumeliasque
962 505 1222 568 commemorem,
1239 485 1358 567 quibus
1369 495 1443 544 107

155 594 300 660 invectus
323 602 373 657 est
396 595 432 657 in
454 593 624 676 Sidicinos,
649 593 780 656 vexavit
805 589 1007 674 Puteolanos,
1030 589 1114 675 quod
1138 589 1178 655 C.
1202 588 1357 654 Cassium

155 705 188 759 et
211 693 323 761 Brutos
345 706 495 780 patronos
517 697 743 781 adoptassent?
786 695 910 778 Magno
931 693 1060 778 quidem
1081 693 1199 777 studio,
1221 693 1357 774 iudicio,

127 810 141 860 ⁵
156 799 392 883 benevolentia,
410 801 556 883 caritate,
573 819 650 884 non,
665 810 701 862 ut
720 809 753 862 te
772 808 804 862 et
821 797 973 881 Basilum,
988 798 1022 860 vi
1037 806 1070 860 et
1090 799 1199 880 armis,
1219 804 1252 859 et
1272 795 1358 858 alios

156 904 254 968 vestri
269 902 404 987 similes,
419 922 496 986 quos
514 903 649 967 clientes
670 921 766 965 nemo
785 901 898 964 habere
915 902 1006 986 velit,
1022 920 1088 963 non
1109 899 1205 964 modo
1226 897 1358 964 illorum

156 1007 259 1070 cliens
280 1026 359 1070 esse.
403 1004 530 1070 Interea
552 1007 627 1070 dum
650 1015 685 1068 tu
705 1007 792 1088 abes,
813 1006 869 1089 qui
887 1005 955 1067 dies
977 1005 1033 1066 ille
1054 1003 1195 1086 collegae
1218 994 1444 1083 tuifin1342

157 1128 231 1174 cum
253 1107 344 1191 illud,
361 1107 445 1191 quod
467 1111 612 1172 venerari
635 1109 769 1192 solebas,
787 1109 914 1171 bustum
934 1110 969 1171 in
992 1106 1061 1170 foro
1081 1105 1214 1170 evertit!
1236 1124 1300 1188 qua
1322 1124 1358 1166 re

157 1212 218 1286 tibi
242 1213 402 1295 nuntiata,
419 1221 456 1275 ut
476 1213 644 1276 constabat
662 1214 830 1294 intereos,
849 1213 903 1294 qui
925 1231 991 1274 una
1012 1211 1152 1293 fuerunt,
1172 1207 1358 1272 concidisti.

117 1314 245 1400 ¹0Qid
268 1316 411 1378 evenerit
437 1325 548 1399 postea
574 1317 847 1378 nescio—metunt
871 1313 964 1377 credo
989 1313 1126 1376 valuisse
1150 1322 1182 1376 et
1205 1331 1360 1390 arma—3

157 1418 314 1502 collegam
335 1419 465 1503 quidem
487 1417 527 1481 de
549 1418 640 1482 caelo
661 1418 828 1482 detraxisti
850 1417 1061 1501 effecistique,
1083 1435 1148 1479 non
1171 1425 1205 1478 tu
1226 1415 1360 1498 quidem

157 1523 257 1586 etiam
273 1541 359 1585 nunc
373 1531 408 1585 ut
423 1522 539 1585 similis
553 1523 613 1604 tui,
628 1521 683 1584 sed
698 1531 783 1586 certe
798 1530 834 1584 ut
849 1520 1017 1584 dissimilis
1032 1528 1116 1583 esset
1130 1521 1189 1582 sui.
1221 1501 1229 1514 ⁸

200 1624 268 1710 Qi
291 1645 366 1687 vero
389 1625 465 1688 inde
485 1623 604 1688 reditus
626 1624 784 1690 Romam!
808 1643 888 1706 quae
912 1625 1109 1707 perturbatio
1130 1624 1229 1685 totius
1250 1621 1359 1688 urbis!
1375 1637 1443 1683 108

157 1727 411 1792 Memineramus
422 1727 567 1792 Cinnam
576 1730 675 1792 nimis
684 1737 862 1812 potentem,
871 1727 990 1792 Sullam
1002 1735 1112 1810 postea
1121 1726 1360 1808 dominantem,

118 1861 144 1908 :5
159 1829 254 1896 modo
274 1841 461 1914 regnantem
481 1831 652 1896 Caesarem
668 1831 857 1896 videramus.
902 1830 1001 1894 Erant
1021 1829 1155 1894 fortasse
1172 1829 1283 1913 gladii,
1302 1829 1360 1892 sed

158 1933 337 1997 absconditi
359 1953 419 2000 nec
440 1935 489 1996 ita
508 1935 612 1999 multi.
656 1933 723 1998 Ista
742 1954 818 1996 vero
835 1953 916 2017 quae
936 1943 969 1996 et
986 1943 1106 2016 quanta
1124 1933 1269 1996 barbaria
1288 1933 1358 1996 est!

161 2037 300 2119 Agmine
313 2037 466 2120 quadrato
481 2057 553 2102 cum
568 2037 684 2122 gladiis
698 2046 889 2121 sequuntur:
910 2047 1071 2100 scutorum
1086 2036 1218 2100 lecticas
1237 2037 1359 2119 portari

158 2139 313 2204 videmus.
367 2141 473 2225 Atque
497 2141 547 2204 his
572 2141 701 2223 quidem
727 2143 794 2203 iam
820 2142 1019 2223 inveteratis,
1042 2151 1148 2223 patres
1171 2141 1360 2222 conscripti,

158 2243 388 2308 consuetudine
411 2245 624 2308 obduruimus.
677 2243 835 2308 Kalendis
857 2242 960 2307 Iuniis
980 2263 1053 2307 curn
1078 2247 1114 2306 in
1136 2253 1295 2325 senatum,
1322 2253 1360 2307 ut

115 2357 227 2410 socrat
249 2350 473 2430 constitutum,
496 2350 606 2410 venire
627 2348 793 2430 vellemus,
816 2357 903 2411 metu
921 2350 1080 2430 perterriti
1106 2357 1237 2431 repente
1262 2345 1359 2410 diffir-

158 2453 271 2535 gimus
317 2451 362 2515 At
384 2452 456 2535 iste,
471 2452 525 2534 qui
548 2459 661 2513 senatu
684 2470 749 2513 non
771 2459 889 2534 egeret,
911 2470 1012 2533 neque
1032 2451 1226 2514 desideravit
1245 2469 1358 2534 quem·
1373 2473 1432 2518 roa

191 2678 370 2740 4Patronos
388 2679 586 2742 adoptarent.
614 2676 732 2724 Thiswas
819 2688 856 2724 rr.
874 2677 914 2724 De
941 2678 1020 2726 caelo
1037 2677 1204 2726 detraxisti.
1246 2678 1289 2739 Cp.
1308 2681 1360 2726 Att.

159 2753 201 2790 not
212 2759 240 2790 tn
251 2758 392 2791 uncommon
409 2744 559 2805 compliment
575 2743 611 2790 ior
626 2743 667 2790 the
682 2757 733 2803 pro-
788 2743 1024 2805 14.18.1¹Saepios
1035 2757 1072 2790 me
1084 2745 1130 2790 iam
1142 2745 1224 2808 agitas,
1236 2743 1298 2804 quod
1310 2759 1361 2790 rem

160 2809 243 2856 vincial
260 2819 334 2856 towns
352 2819 378 2856 to
396 2824 440 2872 pay
463 2818 489 2856 to
511 2809 570 2856 their
591 2807 734 2856 benefactore
785 2816 873 2871 gestam
894 2809 1026 2856 Dolabellae
1043 2809 1110 2855 nimis
1129 2811 1153 2856 in
1172 2809 1260 2856 caelum
1281 2809 1362 2856 videar

159 2889 246 2939 among
256 2875 296 2922 the
308 2875 401 2922 Roman
413 2875 515 2922 citizens.
548 2875 592 2934 Cp.
604 2875 628 2922 in
638 2875 680 2923 Pin
696 2885 732 2922 11.
783 2870 886 2930 elletre;⁹
897 2873 926 2922 rb.
938 2872 961 2922 6.
976 2887 997 2930 1,
1009 2888 1024 2936 9
1037 2875 1168 2922 ‘Salaminii
1180 2890 1222 2922 nos
1236 2875 1259 2922 in
1270 2875 1360 2922 caelum

162 2951 191 3000 25
210 2939 268 2986 ‘Me
280 2940 383 2988 inaurata
400 2948 475 2987 statua
493 2939 620 2995 donarant;
637 2954 675 2986 me
695 2955 735 3001 pa·
784 2939 879 2986 decretis
891 2941 935 2986 suis
947 2938 1098 2988 sustulerunt?

159 3013 254 3052 tronum
265 3019 335 3052 unum
348 3003 504 3052 adsciverunt:
821 3015 857 3065 14.
876 3004 1119 3053 Memineramus.
1137 3040 1143 3052 .
1161 3005 1359 3054 ,videramus

193 3067 217 3117 6.
236 3069 298 3116 Non
334 3071 427 3122 modo.
455 3073 499 3115 ‘to
522 3083 563 3130 ray
584 3069 651 3116 nothi
710 3072 738 3118 of
785 3070 867 3117 Cicero
878 3083 926 3116 1111
937 3072 1008 3118 about
1026 3083 1057 3118 eo
1073 3085 1139 3132 years
1150 3071 1188 3117 old
1205 3070 1272 3117 when
1284 3070 1360 3118 Cinna

160 3135 230 3200 being
247 3132 306 3180 their
324 3131 407 3182 client!
452 3133 493 3180 See
512 3134 592 3181 Madv.
611 3137 624 3192 9
643 3149 659 3197 4
678 3148 689 3184 1
712 3138 735 3192 b.
786 3149 832 3182 1111
854 3136 878 3182 in
897 3149 974 3196 power
997 3135 1089 3199 (87-84
1109 3136 1186 3196 ΒΩ),
1208 3137 1250 3183 but
1273 3136 1292 3181 it
1313 3151 1362 3182 was

162 3199 219 3245 Oba.
232 3209 256 3258 3.
786 3201 869 3264 during
880 3201 920 3248 the
931 3201 1080 3263 dictatorship
1086 3203 1115 3248 oi
1122 3201 1182 3248 Sulla
1192 3200 1284 3264 (Ba-79
1293 3201 1362 3262 Rc.)

193 3279 213 3310 c.
224 3276 264 3325 4²·
283 3263 343 3312 Once
362 3277 425 3310 more
441 3263 465 3310 in
481 3264 563 3321 Rotae.
580 3266 608 3312 be
621 3267 689 3313 mode
702 3267 738 3314 bis
787 3265 839 3312 that
851 3266 880 3312 be
897 3265 945 3314 first
962 3281 1027 3314 came
1041 3267 1140 3314 forward
1153 3269 1204 3314 into
1220 3267 1296 3328 public
1306 3267 1362 3314 liic:

160 3327 278 3390 culleogm
293 3327 332 3388 loy
345 3329 409 3376 aride
422 3329 458 3378 bie
467 3329 575 3392 portioris
590 3331 648 3378 zeni.
681 3333 740 3379 And
787 3346 822 3391 cp.
835 3343 857 3392 5.
869 3328 893 3386 6.
913 3341 942 3394 17
954 3333 1067 3380 ‘Cinnam
1084 3333 1188 3388 memini,
1205 3334 1253 3379 vidi
1268 3332 1363 3386 Sullani.

153 3391 199 3454 for
220 3393 317 3454 himself.
339 3392 366 3441 be
388 3394 470 3441 outdid
485 3394 521 3441 all
538 3395 575 3442 ebt
593 3404 691 3456 prunay
712 3399 743 3460 os
787 3397 858 3444 modo
870 3397 1007 3446 Caesarem.¹

156 3457 363 3518 formertyrontts
379 3459 599 3521 bemokpnrussion
613 3460 737 3523 ostbecity
823 3458 860 3510 16.
878 3463 936 3510 Nec
954 3463 995 3510 ita
1018 3463 1111 3519 multi,
1129 3463 1187 3510 ‘and
1204 3471 1247 3511 not
1263 3478 1289 3510 so
1306 3477 1362 3526 very

161 3523 277 3584 bysoretr
294 3523 321 3572 be
333 3525 456 3585 promea
470 3525 506 3572 the
525 3535 601 3572 11111111
611 3527 680 3586 from
699 3544 737 3574 ne-
787 3529 884 3589 manyz'
903 3537 944 3575 not
964 3531 995 3590 by
1018 3545 1069 3591 wey
1085 3530 1114 3576 oi
1127 3528 1199 3576 direct
1216 3529 1363 3588 comparison

160 3589 272 3652 ambling
290 3589 319 3648 by
335 3589 369 3637 bis
383 3589 499 3645 violence,-
516 3592 565 3637 aad
580 3592 668 3638 ermud
680 3593 737 3640 lotor
788 3591 845 3640 with
863 3593 930 3640 those
949 3595 977 3641 oi
994 3597 1096 3656 Antony.
1117 3593 1159 3640 bnt
1181 3594 1316 3656 absolutely.
1337 3603 1363 3642 to

160 3655 211 3700 und
220 3655 279 3702 wille
289 3654 349 3702 olibe
364 3655 418 3703 with
429 3664 545 3718 eomempt.
562 3656 692 3720 dewoying
702 3659 738 3706 tbe
787 3656 851 3704 tbov
863 3659 914 3706 that
930 3659 1013 3708 Caesar
1025 3659 1071 3708 had
1085 3676 1099 3708 a
1113 3660 1199 3706 certain
1215 3660 1363 3706 moderatiori

161 3719 300 3782 sofaegunrdt
318 3720 349 3781 of
360 3721 396 3767 ebe
410 3721 560 3776 constitution,
577 3722 627 3768 ond
640 3723 738 3788 robbing
788 3722 810 3768 in
822 3723 857 3770 his
868 3724 1012 3775 lawlessness.

161 3785 198 3832 ebe
205 3785 285 3846 peoplo
295 3785 326 3846 of
335 3786 370 3832 ue
386 3785 483 3850 legacies
499 3786 571 3834 wbieb
589 3786 675 3836 Cursor
690 3789 740 3837 bod
821 3789 968 3845 Barbaria.
981 3791 1080 3838 ‘Asiatic
1092 3790 1228 3852 despotism'
1239 3789 1342 3850 (llalm).

161 3850 405 3912 depueotbdtorbem.
824 3861 861 3914 17.
880 3855 1023 3904 Lectione.
1057 3857 1101 3917 Cp.
1114 3869 1137 3916 5.
1149 3855 1172 3910 t.
1191 3855 1221 3902 18
1239 3855 1363 3902 ‘Lecticae

194 3913 218 3963 8.
236 3917 363 3963 Burrum.
396 3916 438 3964 See
452 3927 472 3966 r.
486 3929 508 3972 1,
522 3927 535 3978 5
548 3925 612 3964 note.
787 3918 964 3976 collocabantur,
976 3936 1022 3968 non
1035 3937 1080 3984 qun
1092 3921 1129 3968 illa
1140 3930 1203 3968 scuta
1214 3921 1304 3967 ocorlta
1317 3935 1364 3968 esec

194 3994 219 4043 9.
236 3981 413 4038 concidisti,
439 3988 503 4044 ‘you
531 3982 677 4044 collapred:'
701 3999 736 4045 cp.
787 3983 862 4040 vellet.
874 3985 912 4032 sed
925 4000 953 4033 ne
964 3987 1199 4044 familiaressircuta
1216 3985 1258 4046 ipsi
1270 3986 1363 4040 ferrent.

162 4057 185 4106 5.
197 4060 221 4109 9,
234 4057 265 4106 23
276 4053 282 4072 ⁸
292 4046 348 4106 Quo
359 4047 397 4094 ille
408 4048 489 4096 nuntio
506 4049 592 4102 andito.
606 4083 611 4096 .
624 4085 630 4096 .
642 4058 736 4110 repente
787 4047 934 4098 laborarent!

160 4112 278 4159 concidit.'
821 4125 859 4163 11.
877 4117 913 4163 Ar
929 4117 993 4171 iste,
1005 4115 1050 4165 &a
1084 4115 1364 4164 Thecooneetionofthe

196 4176 370 4226 10.Metnm.
403 4177 433 4224 So
445 4177 468 4223 in
481 4189 503 4224 1.
519 4189 557 4231 11,
577 4191 607 4240 19
624 4178 654 4225 he
671 4193 736 4238 repu-
787 4179 903 4227 clauserit
915 4191 1022 4246 notvery
1034 4182 1106 4237 clem
1125 4183 1180 4243 ‘qui
1193 4217 1198 4228 .
1211 4217 1217 4230 .
1231 4181 1364 4245 ,egeret‘is

159 4243 234 4290 diates
246 4242 286 4289 the
295 4244 376 4290 notion
384 4243 413 4290 oi
420 4241 539 4288 Dolabella
548 4243 616 4304 being
627 4243 735 4289 actuated
787 4244 952 4306 explanatory3
970 4247 1124 4308 ‘statimque.
1138 4283 1143 4295 .
1157 4246 1253 4295 ,effecit'
1266 4261 1364 4294 answen

159 4308 191 4367 by
202 4311 295 4368 corrupt
305 4307 412 4355 motives.
445 4305 486 4354 see
497 4313 561 4352 note.
786 4315 811 4352 to
823 4313 911 4368 ‘neque
928 4308 1065 4357 desideravit
1081 4313 1242 4373 quemquam?
1260 4327 1295 4372 cp.
1311 4313 1364 4360 cn.
