2970 4700
184 267 246 336 292
519 251 571 314 M.
599 250 761 312 ruam
792 247 1043 314 orcanoms
1240 263 1394 318 ΜΗ,
1462 205 1463 296 l

1461 299 1463 444 l

182 523 253 576 tum
270 521 359 574 casta
378 533 398 576 a
415 531 524 575 cruore
545 511 646 575 civili.
690 511 803 575 Nemo
820 513 861 574 ab
878 531 917 574 eo
934 513 1016 575 civis
1034 510 1182 594 violans,
1201 511 1299 574 multi
1320 512 1390 572 eius

182 613 340 682 beneficio
375 625 409 678 et
446 613 665 678 misericordia
702 614 839 679 liberati.
893 613 986 678 Talis
1019 616 1116 697 igitur
1145 616 1195 675 vir
1231 624 1267 677 et
1304 615 1392 676 civis

183 721 337 804 opinione
358 719 421 782 labi
442 727 558 803 potest,
576 718 742 781 voluntate
767 737 839 782 are
861 717 988 802 publica
1007 715 1160 780 dissidere
1184 716 1275 779 nullo
1294 724 1392 799 pacto

156 831 299 908 apotest.
357 818 473 884 Pacem
502 821 571 886 vult
602 819 650 884 M.
681 820 829 905 Lepidus.
888 819 1061 904 Praeclare,
1090 822 1119 883 si
1148 819 1248 882 talem
1281 829 1419 902 potest⁰

183 925 318 1006 efficere,
343 924 471 1006 qualem
497 943 596 1007 nuper
620 925 747 988 effecit:
776 943 837 1007 qua
861 943 938 1007 pace
961 924 1025 989 Cn.
1052 923 1182 1006 Pompei
1208 922 1315 984 filium
1341 941 1391 984 res

185 1027 310 1112 publica
329 1025 486 1109 adspiciet
504 1045 623 1108 suoque
646 1029 721 1090 sinu
741 1027 969 1111 complexuque
990 1027 1134 1110 recipiet,
1157 1045 1262 1108 neque
1284 1025 1392 1088 solum

185 1131 287 1214 illum,
302 1129 358 1194 sed
375 1149 449 1194 cum
469 1129 527 1193 illo
540 1149 574 1192 se
595 1132 698 1213 ipsam
716 1130 779 1192 sibi
800 1132 981 1194 restitutam
999 1129 1132 1212 putabit
1177 1127 1273 1191 Haec
1292 1148 1392 1192 causa

184 1233 246 1298 fuit
260 1253 315 1298 cur
329 1232 542 1297 decerneretis
558 1243 698 1296 statuam
717 1235 752 1294 in
767 1233 877 1296 rostris
897 1251 970 1296 cum
988 1233 1197 1316 inscriptione
1213 1232 1392 1315 praedam,

141 1358 240 1408 rectu
264 1338 391 1402 absenti
417 1337 621 1419 triumphum.
674 1336 878 1424 Qamquam
904 1337 994 1398 enim
1020 1355 1152 1418 magnas
1178 1355 1228 1398 res
1254 1335 1393 1399 bellicas

183 1451 322 1526 gesserat
341 1451 375 1504 et
396 1440 557 1524 triumpho
574 1439 700 1522 dignas,
719 1458 785 1502 non
803 1448 871 1502 erat
888 1447 1000 1502 tamen
1018 1441 1048 1501 ei
1067 1437 1286 1522 tribuendum,
1305 1439 1392 1521 quod

185 1565 246 1610 nec
274 1545 310 1608 L.
332 1545 475 1608 Aemilio
500 1563 561 1607 nec
583 1542 772 1606 Aemiliano
796 1539 938 1625 Scipioni
965 1561 1025 1604 nec
1051 1543 1204 1624 superiori
1230 1541 1393 1607 Africano

185 1667 246 1712 nec
269 1645 378 1710 Mario
402 1665 463 1710 nec
486 1646 651 1729 Pompei0,
674 1647 729 1728 qui
756 1647 877 1708 maiora
902 1644 986 1706 bella
1009 1655 1192 1727 gesserunt:
1222 1645 1281 1708 sed
1304 1645 1391 1728 quod

182 1750 316 1814 silentio
346 1749 463 1812 bellum
492 1749 589 1813 civile
619 1748 814 1831 confecerat,
843 1767 916 1810 cum
949 1750 1087 1831 primum
1116 1748 1219 1832 licuit,
1249 1749 1391 1812 bonores
1462 1809 1463 1830 ,

142 1879 171 1930 ²5
186 1855 221 1914 in
250 1871 324 1915 eum
354 1853 512 1915 maximos
541 1851 733 1916 contulistis.
787 1849 1003 1914 Existimasne
1034 1853 1141 1935 igitur,
1173 1849 1220 1914 M
1251 1851 1424 1936 Lepide,5
1462 1855 1463 1864 ’

184 1954 311 2041 qualem
333 1952 521 2037 Pompeium
546 1975 597 2018 res
624 1955 749 2038 publica
775 1954 920 2018 habitura
943 1955 986 2017 sit
1011 1956 1128 2038 civem,
1154 1954 1236 2018 tales
1261 1953 1390 2018 futuros
1403 1952 1432 1997 ¹⁰

186 2062 221 2122 in
248 2079 281 2122 re
307 2058 432 2142 publica
459 2058 647 2122 Antonios?
692 2058 730 2120 ln
757 2059 858 2122 altero
884 2056 993 2142 pudor,
1018 2060 1168 2143 gravitas,
1195 2058 1391 2142 moderatio,

185 2165 375 2246 integritas:
407 2164 443 2224 in
473 2161 616 2225 illis-et
643 2181 716 2226 cum
746 2162 803 2225 hos
830 2161 998 2246 compello,
1023 2172 1185 2245 praetereo
1210 2165 1325 2226 animo
1351 2183 1390 2226 ex

185 2285 277 2350 grege
307 2265 468 2329 latrocinii
498 2264 870 2349 neminem-libidines,
903 2265 1034 2348 scelera,
1063 2266 1103 2328 ad
1133 2285 1230 2328 omne
1258 2265 1390 2329 facinus

142 2401 173 2436 ιο
187 2370 340 2433 immanis
370 2367 513 2431 audacia.
565 2367 694 2431 Deinde
717 2386 776 2432 vos
801 2368 944 2452 obsecro,
971 2377 1077 2451 patres
1102 2371 1289 2453 conscripti,
1315 2372 1390 2451 quis

187 2471 247 2536 hoc
271 2480 413 2535 vestrum
439 2490 506 2533 non
532 2471 632 2554 videt,
659 2471 742 2555 quod
763 2471 901 2535 Fortuna
926 2474 1007 2556 ipsa,
1031 2491 1111 2554 quae
1136 2471 1253 2535 dieitur
1276 2492 1391 2556 caeca,

186 2575 293 2640 vidit?
346 2573 448 2638 Salvis
478 2575 567 2637 enim
597 2577 679 2639 actis
708 2574 869 2659 Caesaris,
892 2594 972 2658 quae
997 2573 1186 2638 concordiae
1212 2593 1310 2638 causa
1333 2576 1391 2639 de·

186 2677 358 2761 sendimus,
387 2675 541 2762 Pompeio
571 2697 629 2741 sua
661 2677 774 2741 domus
807 2678 942 2762 patebit,
972 2697 1105 2762 eamque
1138 2697 1206 2741 non
1238 2679 1390 2762 minoris,

186 2802 283 2866 quam
312 2783 392 2845 emit
423 2781 597 2865 Antonius,
626 2779 779 2843 redimet:
817 2781 965 2865 redimet,
995 2783 1138 2864 inquam,
1163 2780 1226 2846 Cn.
1253 2778 1390 2865 Pompei

142 2915 172 2964 25
187 2885 318 2950 domum
342 2884 435 2950 iilius.
479 2884 511 2949 0
534 2904 601 2948 rem
623 2883 785 2948 acerbam!
820 2884 875 2948 sed
902 2885 981 2948 haec
1006 2885 1085 2948 satis
1110 2883 1165 2947 diu
1189 2884 1391 2968 multumque

187 3061 309 3110 beautilied
331 3061 362 3123 by
386 3059 421 3108 M.
448 3059 558 3110 Aemilius
586 3059 692 3120 Lepidm.
720 3057 761 3106 the
848 3071 884 3120 14.
903 3058 1033 3114 silentio,
1051 3057 1343 3116 ‘withoutdisturbenee'
1462 3107 1463 3110 ,

187 3129 261 3176 iether
273 3129 302 3174 ol
314 3125 354 3174 the
371 3126 517 3182 triumvir‚in
535 3126 570 3174 his
585 3123 714 3183 consulship
730 3123 760 3184 78
847 3123 884 3172 18.
903 3124 972 3172 Cum
992 3124 1041 3172 hos
1060 3125 1262 3185 compello,‘in
1279 3126 1392 3187 iormslly
1462 3129 1463 3146 ¹

188 3193 246 3240 lte.
291 3192 334 3239 llis
363 3190 464 3247 brother,
486 3191 513 3238 L.
536 3190 647 3238 Aemilius
669 3188 760 3243 Paulus.
811 3189 1033 3252 sneigningthese.'

188 3269 294 3380 :ltu
310 3255 761 3367 {lutilattslitztlltt
811 3254 1393 3382 01'cllttlznltl'ltta'lzssf'lt
1462 3327 1463 3386 3

188 3383 270 3431 builta
285 3396 394 3430 newone
411 3383 434 3428 in
450 3383 486 3428 his
503 3381 634 3443 aedileshlp,
652 3396 682 3446 53
695 3385 762 3440 B.C.‚
811 3385 829 3432 lt
853 3398 925 3432 seems
947 3393 973 3432 to
996 3384 1025 3431 be
1039 3383 1093 3432 this.
1134 3384 1255 3448 Pompey’s
1277 3397 1392 3447 properas
1462 3413 1463 3424 r

188 3451 230 3496 but
247 3448 276 3496 ol
288 3447 333 3496 this
349 3447 434 3495 second
451 3445 543 3494 basilica
561 3447 658 3513 nothing
674 3450 720 3497 else
743 3451 761 3498 is
812 3449 898 3513 haring
926 3450 984 3497 been
1012 3449 1151 3497 oonfiseeted
1173 3452 1204 3512 by
1226 3451 1322 3508 Caesar,
1344 3439 1391 3500 and
1462 3479 1463 3486 κ

188 3513 282 3563 known
473 3573 482 3580 η
811 3514 903 3579 bought
922 3516 953 3578 by
973 3517 1076 3576 Antony.
1092 3517 1169 3562 would
1187 3517 1247 3564 have
1263 3519 1325 3564 been
1345 3519 1391 3565 lost

224 3591 244 3628 1.
266 3579 465 3628 Probatissims
507 3593 582 3626 uxor.
625 3577 700 3634 lunis.
721 3579 762 3627 the
811 3581 905 3642 beyond
922 3581 988 3635 reeel
1001 3579 1047 3627 had
1058 3583 1154 3643 Antony
1168 3583 1292 3629 continued
1311 3583 1391 3644 loyen

188 3645 301 3710 daughter
312 3645 340 3692 oi
348 3645 378 3692 D,
390 3644 466 3692 lunius
477 3643 572 3700 Silanus,
583 3645 628 3691 end
639 3643 761 3692 half-sister
811 3647 854 3693 but
865 3661 889 3694 ss
901 3646 936 3693 hle
949 3654 1058 3708 property
1073 3647 1097 3692 in
1112 3656 1164 3693 trun
1178 3647 1224 3694 hed
1240 3649 1347 3696 moted
1365 3659 1390 3696 to

188 3709 352 3759 oiM.lnnius
364 3710 454 3758 brutus.
487 3709 513 3757 ln
531 3711 622 3758 sletter
635 3709 761 3757 toAttieus
811 3710 852 3758 the
874 3719 941 3767 state.
964 3713 983 3758 it
1005 3725 1052 3759 was
1073 3711 1178 3772 possible,
1199 3711 1299 3760 without
1324 3729 1391 3761 over·

189 3773 224 3833 (6.
237 3787 259 3832 a,
273 3774 315 3836 ²5)
324 3775 405 3823 Cicero
414 3775 500 3824 throne
509 3777 595 3824 serioue
604 3774 688 3822 doubts
699 3790 762 3836 upon
810 3775 928 3840 throuing
939 3777 1041 3826 Caesar's
1057 3777 1187 3832 ordinatim,
1198 3786 1224 3824 to
1240 3779 1325 3828 enable
1337 3779 1390 3826 Ser.

188 3840 229 3888 her
240 3839 382 3888 faithfulness
393 3849 418 3887 to
435 3841 475 3888 her
486 3841 597 3897 husband,
608 3848 670 3889 most
685 3841 762 3888 imon·
811 3841 934 3902 Pompeius
950 3850 976 3889 to
992 3857 1084 3889 recouer
1103 3841 1138 3888 his
1158 3839 1252 3890 lsther's
1270 3853 1390 3906 property.

188 3905 267 3954 sistent
278 3905 337 3954 with
347 3905 388 3952 the
399 3907 485 3967 epithet
496 3905 685 3967 'probatissima’
812 3907 848 3954 lle
859 3907 936 3954 would
948 3908 993 3954 still
1010 3908 1039 3954 be
1055 3907 1159 3969 required
1176 3915 1202 3954 to
1213 3908 1261 3969 buy
1273 3909 1299 3964 it,
1312 3911 1389 3957 which

220 3987 245 4037 9.
264 3972 393 4021 Statuam.
426 3971 466 4019 See
487 3983 509 4033 5.
531 3984 568 4034 15.
608 3972 645 4019 Of
663 3972 703 4019 the
723 3970 762 4018 tri·
811 3987 858 4019 was
875 3972 916 4020 ssd
932 3972 1032 4036 enough.
1049 3974 1091 4019 but
1108 3971 1148 4018 the
1164 3979 1223 4020 stete
1240 3973 1310 4021 could
1328 3991 1390 4028 now,

188 4039 260 4100 nmph
270 4053 306 4084 we
317 4038 347 4083 do
358 4043 400 4082 not
410 4037 531 4084 elsewhere
541 4037 604 4085 hear.
811 4038 841 4100 by
853 4038 893 4085 the
904 4037 977 4084 eidos
985 4038 1092 4092 Fortune.
1101 4037 1159 4084 both
1170 4037 1259 4086 funusb
1270 4039 1321 4086 him
1332 4041 1388 4088 with

229 4117 267 4153 n.
285 4103 314 4150 L.
347 4102 492 4150 Aemilio:
526 4107 570 4148 'to
599 4101 626 4149 L.
652 4101 762 4149 Aemilius
811 4102 957 4164 themoney.
969 4103 1013 4150 and
1031 4117 1148 4164 empower
1163 4102 1212 4149 him
1224 4113 1250 4150 to
1268 4105 1389 4152 elicetthe

188 4171 271 4218 Paulus
298 4165 479 4222 Macedonicus:
506 4165 547 4213 the
578 4181 706 4228 conqueror
736 4168 765 4214 of
811 4167 929 4228 purchase.
962 4169 1006 4228 Cp.
1016 4168 1057 4216 the
1067 4167 1206 4232 concluding
1217 4169 1294 4218 clause
1306 4172 1389 4219 ofthis
1452 4173 1463 4234 4

188 4235 289 4288 Perseus,
309 4232 354 4279 and
372 4233 447 4280 father
469 4232 498 4277 of
516 4231 591 4290 Scipio
614 4232 761 4285 Aemilianus,
811 4233 912 4292 chapter.

189 4299 263 4346 better
291 4297 379 4344 known
412 4311 436 4343 es
470 4294 545 4354 Scipio
573 4293 693 4341 Africanus
721 4294 761 4340 the
846 4307 883 4356 25.
903 4296 973 4344 Satis
991 4299 1046 4346 diu.
1079 4295 1307 4350 &enumera
1461 4255 1463 4344 i

189 4377 301 4425 younger.
