2970 4698
131 223 159 280 il
171 227 296 276 Η
474 223 642 284 ORATIO
670 225 943 288 PHILIPPICA
970 228 1020 287 II.
1303 231 1343 314 87

130 373 219 439 sacta
251 398 311 462 per
340 380 487 444 obsidem
516 401 647 466 puerum
676 383 831 469 nobilem,
857 384 907 448 M.
935 385 1153 452 Bambalionis
1182 397 1344 473 nepotem.

130 477 346 567 Qamquam
376 485 496 548 bonurn
529 495 563 550 te
593 489 690 550 timor
718 488 870 573 faciebat,
899 509 966 553 non
994 490 1161 554 diuturnus
1191 495 1344 576 magister

131 583 246 668 officii,
269 588 453 670 improbum
474 589 554 653 fecit
577 609 626 674 ea,
641 610 734 676 quae,
756 592 833 655 dum
855 594 952 656 timor
974 595 1075 679 abest,
1097 615 1117 658 a
1141 605 1175 658 te
1190 616 1257 660 non
1277 597 1343 662 dis-

132 690 234 773 oedit,
252 691 401 756 audacia.
445 692 517 756 Etsi
536 703 617 778 tum,
638 715 711 758 cum
732 699 891 780 optimum
911 705 946 760 te
968 699 1123 782 putabant
1142 718 1195 762 me
1213 699 1344 782 quidem

133 792 367 880 dissentiente,
397 795 502 860 funeri
532 799 673 882 tyranni,
702 801 731 862 si
761 798 840 861 illud
868 800 963 862 funus
992 801 1066 885 fuit,
1096 802 1371 870 sceleratissimes

82 913 122 959 sa
135 897 316 980 praefiristi.
363 899 436 961 Tua
461 899 519 962 illa
544 900 672 983 pulchra
694 900 848 986 laudatio,
870 911 926 965 tua
949 906 1126 990 miseratio,
1152 915 1208 970 tua
1233 905 1344 968 cohor-

133 1002 241 1082 tatio;
263 1011 315 1085 tu,
329 1011 378 1084 tu,
392 1004 537 1086 inquam,
553 1002 626 1067 illas
640 1004 726 1068 faces
741 1005 916 1069 incendisti
931 1016 965 1070 et
980 1028 1046 1092 eas,
1060 1011 1174 1093 quibus
1194 1012 1344 1074 semusti-

134 1102 218 1168 latus
233 1106 294 1167 ille
308 1115 371 1189 est,
386 1115 421 1168 et
438 1126 504 1190 eas,
519 1108 633 1189 quibus
652 1110 786 1172 incensa
801 1109 838 1172 1„
855 1109 993 1174 Bellieni
1011 1113 1124 1176 domus
1144 1107 1342 1197 deflagravit.

133 1206 186 1270 Tu
212 1207 289 1270 illos
310 1209 451 1292 impetus
472 1209 666 1292 perditorum
687 1211 855 1276 hominum
877 1223 911 1277 et
933 1234 972 1276 ex
998 1218 1139 1279 maxima
1161 1225 1251 1300 parte
1277 1237 1343 1280 ser·

132 1330 260 1394 vorum,
287 1331 366 1394 quos
390 1331 450 1375 nos
471 1315 505 1375 vi
530 1333 685 1396 manuque
710 1316 914 1400 reppulimus,
935 1318 971 1379 in
994 1328 1118 1381 nostras
1141 1318 1254 1382 domos
1281 1320 1389 1384 im·1o

131 1416 266 1478 misisti.
322 1413 412 1478 Idem
436 1424 547 1478 tamen
575 1417 664 1500 quasi
689 1417 824 1501 fuligine
849 1419 991 1482 abstersa
1017 1419 1149 1502 reliquis
1171 1419 1283 1483 diebus
1306 1423 1342 1484 in

130 1518 304 1603 Capitolio
330 1518 493 1602 praeclara
522 1529 650 1583 senatus
679 1521 826 1585 consulta
855 1523 974 1606 fecisti,
1005 1542 1046 1586 ne
1075 1543 1137 1606 qua
1157 1531 1238 1607 post
1267 1522 1342 1588 Idus

130 1622 276 1685 Martias
301 1624 520 1686 immunitatis
540 1623 649 1686 tabula
674 1644 756 1686 neve
780 1627 870 1689 cuius
895 1625 1043 1689 beneficii
1067 1626 1223 1710 figeretur.
1267 1628 1341 1693 Me-

132 1727 263 1788 ministi
302 1727 371 1808 ipse
408 1725 448 1788 de
477 1727 648 1810 exsulibus,
681 1729 745 1790 scis
780 1727 821 1790 de
858 1730 1064 1803 immunitate
1099 1730 1175 1813 quid
1211 1731 1339 1798 dixeris.

130 1827 309 1912 Optimum
322 1847 410 1911 vero,
425 1828 509 1910 quod
523 1828 702 1894 dictaturae
716 1849 836 1894 nomen
852 1833 888 1894 in
906 1841 1092 1916 perpetuum
1107 1833 1147 1896 de
1162 1855 1195 1898 re
1211 1835 1339 1920 publica
1354 1857 1382 1906 ¹⁵

129 1931 314 1994 srrstulisti:
334 1951 398 2014 quo
412 1931 541 2014 quidem
560 1933 648 1997 facto
668 1943 797 1997 tantum
811 1943 845 1997 te
868 1937 991 2019 cepisse
1010 1936 1120 2000 odium
1142 1941 1233 2021 regni
1248 1939 1339 2002 vide-

129 2037 238 2120 batur,
263 2045 302 2098 ut
325 2038 393 2098 eius
419 2055 515 2098 omne
545 2057 664 2101 nomen
694 2047 821 2122 propter
850 2041 988 2123 proximi
1018 2039 1186 2104 dictatoris
1215 2053 1339 2106 metum

84 2139 274 2202 satolleres.
318 2137 507 2204 constituta
528 2160 578 2202 res
601 2141 728 2224 publica
749 2139 917 2206 videbatur
939 2142 1024 2226 aliis,
1046 2142 1128 2206 mihi
1150 2163 1226 2207 vero
1248 2145 1339 2208 nullo

132 2243 243 2327 modo,
258 2245 312 2325 qui
329 2245 440 2306 omnia
455 2252 488 2306 te
502 2245 699 2326 gubernante
714 2244 881 2327 naufragia
896 2245 1088 2309 metuebam.
1133 2246 1225 2309 Num
1240 2245 1344 2330 igitur

133 2365 186 2409 me
216 2345 360 2410 fefellit?
392 2355 447 2410 aut
477 2367 554 2410 num
583 2347 704 2410 diutius
733 2350 782 2410 sui
812 2350 918 2431 potuit
943 2347 1111 2412 dissimilis
1140 2350 1234 2412 esse?
1282 2348 1337 2413 ln·
1351 2372 1383 2408 ιο

134 2449 354 2533 spectantibus
369 2449 460 2513 vobis
479 2459 550 2513 toto
563 2449 731 2533 Capitolio
750 2450 878 2514 tabulae
901 2451 1089 2535 figebantur,
1108 2471 1211 2534 neque
1233 2452 1337 2518 solum

133 2553 270 2636 singulis
280 2552 438 2616 venibant
454 2555 686 2637 immunitates,
697 2554 754 2617 sed
769 2555 869 2618 etiam
884 2555 1008 2639 populis
1023 2557 1201 2619 universis:
1219 2557 1336 2620 civitas

170 2764 192 2798 r.
207 2752 258 2798 i’er
279 2765 400 2813 puerum.
434 2751 475 2798 See
490 2763 510 2797 r.
524 2763 546 2806 r,
560 2761 648 2798 anote.
758 2749 837 2799 whorn
848 2751 938 2800 Caelius
949 2751 1065 2798 mentions
1077 2751 1135 2813 (Cic.
1146 2750 1211 2799 Fam.
1224 2749 1295 2812 8.15‚
1309 2752 1335 2813 a)

167 2817 203 2864 Μ,
221 2816 421 2864 Bambalionis.
454 2815 517 2864 'lhat
530 2817 649 2864 Bambalio
661 2829 709 2864 was
759 2822 879 2864 as‘verna
893 2817 1023 2871 Demetrii:
1037 2815 1167 2863 Demetrius
1184 2816 1252 2880 being
1270 2832 1284 2862 a
1302 2817 1336 2866 fa-

134 2881 174 2929 the
196 2882 320 2930 niclrname
343 2882 370 2929 oi
390 2881 426 2928 M.
449 2881 548 2936 Fulvius.
571 2882 610 2929 the
634 2881 709 2929 father
758 2881 1145 2942 voudtefreedmanorsnronys.
1173 2881 1335 2946 Tbehurning

133 2949 162 2994 oi
187 2947 276 3002 Fulvia.
300 2955 342 2994 not
366 2947 394 2994 oi
419 2945 459 2992 tire
487 2946 560 2994 father
582 2947 610 2995 of
630 2947 708 3003 Fadia,
758 2946 1178 3006 oihishouse.sndtbemurder,hy
1190 2946 1297 3001 mistalre.
1310 2949 1338 2994 os

133 3013 246 3074 Antony's
257 3014 341 3060 second
352 3012 414 3067 wife,
421 3027 445 3058 as
456 3026 520 3059 some
531 3011 590 3059 have
600 3011 708 3076 thought.
760 3011 854 3060 Helvius
865 3013 947 3067 Cinna,
958 3027 1042 3074 appear
1052 3021 1078 3058 to
1089 3009 1148 3058 have
1159 3013 1216 3058 been
1227 3010 1268 3057 the
1279 3011 1335 3074 only

133 3079 153 3124 is
170 3078 256 3138 proved
273 3077 332 3125 both
349 3077 435 3138 hythe
452 3091 599 3137 praenomen,
618 3077 708 3124 Fadius'
758 3079 843 3126 serium
861 3078 928 3124 deeds
942 3077 970 3124 oi
985 3076 1092 3124 mischies
1107 3076 1167 3122 done
1181 3075 1265 3136 hythe
1278 3079 1334 3125 moh

133 3157 203 3190 name
225 3144 294 3206 being
317 3143 424 3203 Qrintus,
439 3157 460 3189 c.
475 3155 498 3198 a,
512 3153 544 3202 gr
567 3143 612 3190 and
634 3145 666 3206 by
684 3154 708 3204 3.
757 3142 816 3190 aiter
826 3142 928 3190 Caesar's
939 3143 1032 3189 timeret.

133 3205 158 3262 6,
178 3207 216 3264 16.
235 3207 310 3256 where
327 3208 357 3256 be
379 3207 481 3268 explains
499 3207 538 3254 the
557 3209 666 3273 meaning
682 3207 710 3254 of
795 3221 831 3256 rr.
856 3208 932 3254 idem
959 3216 1060 3261 tamen,
1087 3203 1130 3254 dre.
1171 3205 1217 3252 For
1234 3204 1274 3253 the
1291 3207 1334 3255 sol-

134 3273 262 3321 tbenarne.
618 3281 624 3287 '
758 3272 845 3336 lowing
856 3281 904 3319 acts
916 3273 944 3318 oi
952 3273 1056 3332 Among
1068 3286 1105 3318 soc
1119 3283 1140 3318 1.
1155 3282 1176 3326 ι,
1189 3281 1204 3330 3
1216 3279 1288 3318 notes.

167 3339 367 3387 a.Dintnrnus.
391 3338 708 3400 Cp.·0ll.a.y.23‘Malus
793 3346 830 3399 17.
847 3337 936 3384 Omne
968 3352 1076 3384 nomen.
1116 3336 1146 3383 So
1175 3335 1252 3391 Halm,
1276 3337 1333 3386 with

134 3403 420 3452 etmnosdiutnmitatis
431 3403 521 3451 metus!
549 3403 708 3466 Hismeaning
757 3402 870 3458 Muretus,
888 3403 949 3449 from
966 3402 1006 3448 the
1022 3400 1120 3448 Vatican
1138 3401 1231 3464 reading
1248 3407 1333 3450 ‘omen

134 3469 160 3523 is,
173 3469 225 3516 that
243 3469 319 3516 where
336 3468 385 3515 iear
403 3469 421 3516 is
439 3468 479 3515 the
496 3469 551 3530 only
563 3469 664 3516 monitor
681 3478 708 3516 to
756 3466 858 3516 nomen!
892 3467 944 3514 'l'he
960 3481 1072 3514 common
1088 3465 1182 3529 reading
1194 3465 1212 3512 is
1223 3473 1332 3515 ‘omnem

133 3535 201 3596 dury.
213 3534 252 3581 the
263 3535 365 3582 removal
382 3535 410 3582 oi
423 3533 464 3581 the
475 3534 522 3580 sear
533 3533 579 3580 will
590 3549 656 3581 caure
667 3533 708 3580 the
756 3541 849 3594 propter
866 3532 998 3594 proximum
1017 3532 1154 3578 dictatorern
1173 3530 1265 3577 tolleres
1284 3545 1333 3579 me·

134 3599 267 3648 immediate
279 3601 368 3662 neglect
380 3598 456 3646 nithe
467 3600 532 3661 duty.
756 3597 823 3645 tum!
857 3596 1138 3658 ltseernsprobablethat
1149 3595 1172 3641 in
1183 3594 1224 3642 the
1235 3595 1333 3644 Vatiesn

166 3677 190 3725 5.
206 3665 232 3712 si
257 3665 325 3712 illud
348 3666 429 3712 funus
446 3664 507 3712 suit.
549 3664 592 3724 Cp.
611 3675 633 3711 1.
652 3675 706 3725 Μ
756 3664 850 3727 reading
872 3662 971 3711 ‘omen'
991 3662 1009 3708 is
1027 3661 1172 3722 superfluous,
1189 3660 1289 3724 brought
1308 3661 1332 3708 in

134 3729 213 3778 'iilam
225 3730 360 3790 inreprdtam
371 3730 509 3790 sepulturam
518 3728 533 3782 ς’
544 3730 589 3776 aud
600 3739 662 3778 note.
757 3728 817 3780 from
834 3727 945 3775 ‘nomen'
957 3727 1082 3789 following.
1095 3740 1119 3772 as
1131 3725 1154 3771 in
1166 3725 1206 3772 the
1217 3735 1273 3772 next
1287 3725 1332 3772 line

167 3795 442 3858 psemustilatus.
473 3793 614 3842 ‘scorched'
655 3793 707 3841 The
757 3793 780 3840 in
808 3793 848 3840 the
870 3807 932 3840 same
954 3792 1005 3839 MS.
1027 3791 1233 3838 'res'iswritten
1256 3790 1332 3838 twice.

133 3869 199 3908 ianm
217 3861 291 3908 isnot
309 3861 365 3922 only
381 3859 504 3922 unworthy
518 3859 546 3906 oi
560 3859 649 3915 Cicero,
664 3861 706 3906 but
757 3859 854 3922 Madvig
865 3859 941 3917 points
959 3866 1002 3904 out
1019 3855 1070 3903 that
1085 3861 1170 3902 ‘omne
1184 3870 1269 3902 nomen
1287 3855 1333 3901 tol-

133 3925 180 3972 also
194 3934 283 3980 nnnue.
295 3941 319 3972 as
330 3925 431 3973 Caesar's
448 3925 511 3985 body
523 3939 569 3971 was
582 3925 706 3972 eonsumed
756 3920 812 3970 lerc'
829 3921 905 3970 wordd
917 3931 959 3969 not
972 3922 1075 3985 begnod
1083 3921 1152 3968 Latin
1164 3921 1200 3967 lor
1216 3919 1332 3966 ‘funditus

134 3999 160 4038 ro
174 3990 501 4052 rshesrep.Art.14.1o‚1
525 3989 580 4036 ‘ille
595 3991 665 4037 etiarn
682 3990 705 4036 in
756 4003 842 4036 nomen
854 3986 949 4034 tollere.¹

135 4055 350 4104 soroeombustus)
395 4056 510 4104 Ferrarius
528 4070 646 4116 compares
663 4070 705 4116 pro
792 4052 961 4112 aaPopulis
994 4051 1139 4098 universis.
1173 4046 1331 4110 lnc.38‚97

136 4121 185 4170 Mn
201 4133 238 4182 13.
250 4121 347 4182 33¹'i'u
358 4121 385 4168 Ρ.
396 4121 472 4168 Clodii
483 4121 706 4168 cruentumcadaver
755 4117 785 4165 he
797 4117 897 4178 specifies
908 4117 985 4163 Crete.
1017 4115 1119 4177 Cpalso
1133 4110 1332 4174 3.ra‚30⁸Ven·

136 4185 347 4236 ...infelicissimis
364 4187 431 4250 lignis
453 4185 633 4240 semustulatum,
651 4200 706 4233 noe·
755 4183 837 4230 diderit
856 4181 1030 4229 immunitates?
1055 4179 1159 4228 civitates
1184 4174 1331 4250 libersveriri

136 4251 204 4299 turnis
214 4251 309 4298 canibus
320 4251 476 4298 dilaniandum
489 4249 613 4311 reliquisti!
755 4247 882 4310 provincias
899 4254 961 4294 totas
978 4261 1008 4294 ex
1025 4243 1114 4306 imperii
1131 4241 1208 4304 populi
1228 4239 1330 4287 Romen!

165 4315 190 4364 8.
206 4316 234 4365 L.
252 4317 381 4363 liellieni.
404 4315 503 4374 Perhaps
520 4315 560 4362 the
576 4328 639 4361 same
651 4329 705 4362 man
756 4314 804 4359 iure
814 4310 956 4359 sustuleriti’
967 4310 1013 4360 and
1027 4322 1048 4357 r.
1062 4319 1100 4364 ro,
1112 4320 1144 4369 ²4
1155 4313 1218 4353 note.
