2998 4706
179 241 242 308 274
516 233 566 296 rr.
597 233 759 294 runnu
786 232 1040 296 cronnoms
1236 265 1284 304 ω.
1297 251 1384 303 s-r.
1476 225 1477 284 l

175 391 322 455 conditio
346 395 446 478 pacis,
470 395 505 456 in
526 395 653 476 quael,
676 411 749 456 cum
773 411 837 476 quo
860 412 974 478 pacem
993 393 1105 477 facies,
1130 375 1214 456 'nihil
1241 392 1381 458 concedi

175 495 304 579 potest?
348 493 465 560 Multis
483 495 575 560 rebus
596 515 616 560 a
637 494 729 559 nobis
749 505 798 560 est
819 497 976 562 invitatus
995 495 1035 560 ad
1059 515 1172 580 pacem
1189 495 1383 560 Antonius:

175 599 294 664 bellum
320 609 430 664 tamen
451 599 575 662 maluit.
620 597 716 664 Missi
742 598 841 682 legati
867 607 1063 684 repugnante
1089 619 1154 683 me,
1179 599 1239 662 sed
1266 609 1381 662 tamen

175 704 288 786 missi3
309 703 416 766 delata
431 701 601 766 mandata:
625 722 690 766 non
706 703 820 787 pontit.
863 701 1098 766 Denuntiatum
1116 712 1224 766 estne
1243 701 1381 765 Brutum

147 805 348 890 sobsideret,
370 825 391 870 a
411 803 545 868 Mutina
565 805 767 870 discederet:
797 808 994 890 oppugnavit
1018 807 1118 870 etiam
1137 807 1380 870 vehementius.
1476 855 1477 858 .

175 907 217 973 Et
246 907 286 972 ad
320 927 394 972 eum
424 908 544 991 legatos
572 907 613 971 de
643 928 722 992 pace
752 909 931 992 mittemus,
959 911 1014 993 qui
1044 910 1132 993 pacis
1162 911 1300 974 nuntios
1331 927 1381 970 re-

174 1011 346 1096 pudiavit?
389 1009 704 1074 verecundioremne
725 1031 833 1076 coram
855 1021 1002 1096 putamus
1025 1013 1061 1074 in
1083 1011 1276 1096 postulando
1296 1010 1381 1092 fore,

172 1133 268 1198 quarn
292 1113 390 1178 fuerit
411 1123 493 1198 turn,
516 1133 589 1178 eum
609 1115 700 1178 misit
724 1115 875 1178 mndata
898 1114 939 1178 ad
962 1116 1133 1179 senatum?
1177 1115 1280 1198 Atqui
1307 1125 1381 1178 tum

173 1239 212 1284 ea
232 1219 375 1303 petebat,
395 1237 477 1302 quae
500 1216 693 1282 videbantur
716 1217 860 1302 improba
882 1219 1029 1302 omnino,
1051 1218 1107 1282 sed
1129 1227 1240 1282 tamen
1265 1219 1379 1302 aliquo

131 1319 269 1387 romodo
290 1341 382 1408 posse
404 1320 560 1404 concedi3
587 1321 729 1384 nondum
752 1329 820 1384 erat
842 1323 959 1384 vestris
981 1331 1049 1386 tem
1070 1322 1217 1404 gravibus
1240 1330 1379 1403 tamque

174 1426 285 1492 multis
323 1424 452 1490 iudiciis
490 1425 741 1508 ignominiisque
776 1425 945 1488 concisus:
982 1444 1067 1488 nunc
1097 1444 1136 1488 ea
1164 1426 1261 1509 petit,
1291 1444 1379 1508 quae

172 1529 247 1594 dare
271 1527 360 1593 nullo
384 1528 479 1592 modo
504 1543 681 1611 possumus,
707 1527 771 1590 nisi
796 1529 882 1611 prius
905 1528 1051 1591 volumus
1074 1527 1158 1591 bello
1181 1547 1239 1591 nos
1265 1529 1378 1592 vicens

172 1631 328 1696 confiteri.
379 1629 514 1694 Senatus
549 1629 695 1694 consults
730 1629 812 1694 falsa
841 1629 948 1694 delata
984 1631 1025 1694 ab
1059 1649 1099 1694 eo
1134 1630 1354 1694 iudicavimus
1369 1653 1377 1694 ε
1390 1645 1424 1692 ss

172 1753 250 1797 num
275 1753 315 1796 ea
336 1752 412 1796 vera
437 1752 600 1817 possumus
624 1729 790 1798 iudioere?
846 1731 947 1818 Leges
972 1735 1143 1797 statuimus
1165 1735 1318 1818 pervim
1343 1745 1378 1798 et

130 1857 159 1908 rs
172 1844 285 1898 contra
313 1836 456 1920 auspicia
486 1836 566 1900 latas
598 1838 700 1920 iisque
727 1857 788 1900 nec
817 1835 967 1921 populum
996 1856 1057 1900 nec
1087 1836 1213 1920 plebem
1238 1838 1376 1900 teneri:

171 1957 249 2002 num
275 1958 330 2003 eas
359 1940 486 2002 restitui
516 1957 607 2024 posse
633 1941 803 2004 censetis?
855 1939 1044 2004 Sestertium
1069 1941 1212 2023 septiens
1237 1940 1376 2004 miliens

170 2043 324 2106 avertisse
349 2042 532 2106 Antonium
555 2045 710 2126 pecuniae
735 2043 880 2127 publicae
906 2041 1131 2106 iudicavistis:
1160 2061 1236 2105 num
1260 2043 1376 2108 fraude

170 2145 288 2228 poterit
309 2163 416 2208 carere
438 2145 625 2229 peculatus?
669 2144 897 2210 Immunitates
918 2145 960 2208 ab
982 2163 1022 2208 eo
1042 2146 1241 2228 civitatibus,
1265 2165 1375 2210 sacer-

169 2247 270 2332 dotio,
299 2267 397 2331 regna
422 2248 618 2312 venierunt:
649 2267 727 2312 num
752 2248 888 2333 ligentur
912 2267 1017 2312 mrsus
1043 2267 1101 2310 eae
1124 2248 1263 2332 tabulae,
1290 2269 1374 2333 quas

128 2369 228 2416 sevos
258 2350 395 2415 decretis
421 2351 535 2414 vestris
561 2350 738 2416 refixistis?
791 2350 887 2439 Qod
916 2352 944 2414 si
975 2370 1025 2436 ea,
1047 2369 1128 2434 quae
1157 2350 1414 2436 decrevimus,ss

170 2455 314 2538 obruere,
338 2473 415 2518 num
438 2455 538 2517 etiam
563 2455 752 2518 memoriam
775 2473 880 2518 rerum
900 2454 1005 2518 delere
1028 2455 1215 2538 posuimus?
1240 2457 1375 2538 quando

170 2559 260 2622 enim
288 2558 495 2623 obliviscetur
524 2556 589 2620 ulla
617 2559 799 2642 posteritas,
825 2560 916 2621 cuius
941 2557 1061 2621 scelere
1087 2559 1122 2621 in
1145 2557 1206 2621 hac
1231 2560 1375 2624 vestitus

169 2662 326 2728 foeditate
347 2659 521 2725 fuerimus?
566 2659 616 2726 Ut
638 2661 862 2724 centurionum
886 2660 1023 2745 legionis
1043 2659 1186 2724 Martiae
1206 2659 1372 2724 Brundisii

200 2883 225 2934 6.
243 2885 321 2934 l’seie
346 2885 465 2934 nuntios.
498 2883 536 2930 lle
555 2896 605 2930 uses
624 2882 666 2930 the
684 2891 743 2930 term
827 2882 865 2932 re.
884 2883 1287 2940 l’eeeletes,·embeeslemeneof
1294 2885 1375 2946 public

168 2949 292 3006 ‘nuntiem'
312 2964 337 2998 ee
354 2947 445 3013 though
464 2949 487 2996 ln
509 2947 638 2995 correction
661 2949 689 2996 of
707 2947 741 2995 his
792 2949 893 3009 money.¹
1476 2989 1477 3002 ,

168 3013 740 3076 lomerexpreeeiom‘missilegati'loeerryout
827 3016 867 3062 Ab
898 3029 930 3062 eo
959 3015 1113 3062 venierunt.
1161 3013 1207 3060 For
1233 3013 1274 3061 the
1305 3013 1371 3062 eble-
1476 3035 1477 3082 p

167 3081 316 3143 consistentiy
332 3079 372 3126 tbe
389 3079 447 3126 view
463 3079 493 3126 be
514 3079 561 3125 hed
577 3079 654 3126 before
670 3079 742 3126 mein·
791 3079 839 3126 tiue
854 3080 883 3126 of
894 3078 933 3125 tbe
949 3087 1019 3142 egent
1033 3080 1092 3126 efter
1107 3077 1211 3132 ‘venem'
1228 3093 1264 3138 cp.
1283 3079 1369 3138 Quint
1476 3087 1477 3090 ’

167 3147 251 3203 remed,
263 3147 311 3208 (see
321 3153 343 3208 7.
355 3159 379 3208 p,
392 3141 440 3204 26.)
449 3144 500 3192 thet
511 3145 551 3192 the
562 3143 666 3204 previous
677 3157 742 3191 eom-
795 3155 831 3192 rs.
841 3155 862 3200 r,
871 3155 903 3206 43
916 3143 1065 3204 'Respondit
1077 3143 1277 3204 sdresespolisri
1289 3145 1370 3200 msbe,

166 3211 296 3258 misdoners
318 3225 379 3256 were
401 3217 443 3256 not
464 3217 515 3256 sent
543 3217 569 3256 to
596 3217 656 3256 treet
682 3208 740 3256 with
792 3223 863 3270 quern
875 3209 904 3256 ab
915 3208 981 3256 hoste
993 3207 1084 3256 venire)

167 3274 269 3335 Antony,
286 3276 327 3321 but
343 3275 465 3334 merelyto
482 3287 572 3334 eonrey
587 3281 613 3320 to
630 3273 680 3320 him
699 3273 740 3321 the
825 3286 863 3338 19.
888 3275 1019 3338 Figentur
1047 3289 1144 3322 rursus.
1183 3273 1228 3334 Cp.
1248 3284 1271 3334 5.
1289 3287 1315 3336 4,
1336 3286 1369 3322 υ

166 3337 297 3386 ultimetum
313 3338 342 3384 ol'
355 3337 394 3384 the
408 3347 493 3390 terme.
508 3337 553 3383 end
565 3337 587 3382 il'
597 3337 627 3385 he
641 3339 739 3398 rejected
789 3339 972 3386 ‘Eemmrerum
981 3338 1149 3385 selseetebulse
1159 3347 1267 3401 gemente
1277 3341 1370 3399 populo

166 3401 225 3458 thet,
236 3410 262 3448 to
273 3403 362 3449 deelare
372 3400 420 3448 him
432 3416 445 3447 s
457 3401 533 3460 public
543 3415 634 3462 enemy.
789 3404 899 3452 Romsno
913 3412 965 3451 toto
982 3403 1099 3464 Capitolio
1113 3402 1256 3468 figebantur!
1289 3403 1370 3452 These

201 3479 222 3528 7.
241 3468 349 3520 Corum.
361 3465 398 3511 “in
410 3481 423 3512 s
434 3465 537 3524 personel
549 3465 682 3514 interview)
790 3483 903 3516 messores
913 3482 975 3514 were
985 3468 1015 3514 ell
1026 3467 1141 3516 cancelled
1152 3469 1184 3529 by
1192 3468 1232 3515 the
1244 3477 1323 3516 senate
1334 3485 1368 3518 on

198 3545 222 3595 9.
242 3532 368 3594 lmprobe
399 3531 522 3584 omnino,
551 3529 629 3591 ‘quite
653 3546 740 3580 uneon·
789 3533 829 3580 the
844 3543 878 3581 ist
890 3533 919 3580 ol
926 3533 1035 3594 anuery.
1047 3533 1077 3581 ib.
1090 3530 1114 3588 6,
1128 3529 1167 3580 16.

164 3595 294 3645 scionsble!
823 3613 862 3646 nr.
881 3599 1012 3647 Obruere.
1034 3597 1102 3646 Some
1112 3596 1243 3645 Msshave
1253 3599 1368 3646 ‘obruere

200 3674 237 3710 ιο.
257 3663 324 3711 Tem
352 3661 488 3725 gravibus.
532 3659 563 3708 So
581 3660 658 3716 llelm.
678 3655 738 3710 froin
789 3663 910 3718 volumus:
927 3663 968 3710 but
983 3662 1030 3710 this
1045 3663 1109 3726 gives
1128 3679 1141 3710 s
1162 3663 1216 3710 lelse
1236 3663 1366 3720 antithesis,

165 3741 210 3775 one
233 3726 291 3780 MS..
314 3726 349 3774 lor
372 3731 435 3773 ‘tem
462 3719 616 3788 purissimis·
639 3741 670 3773 on
698 3727 739 3774 ebe
788 3725 1366 3791 lsyingtheemplresisontheeontrsstbetvem

153 3792 253 3856 ‘gruum
264 3791 317 3839 thet
328 3789 403 3838 'um'
415 3791 434 3837 ie
441 3799 483 3838 not
495 3805 520 3838 so
531 3793 585 3840 used
593 3791 650 3839 with
663 3806 739 3852 mper-
788 3793 828 3840 the
838 3793 895 3841 wlslr
906 3793 950 3840 end
959 3793 1000 3840 the
1008 3807 1088 3853 power
1096 3793 1125 3840 ol
1133 3792 1172 3840 the
1181 3801 1266 3847 senate,
1275 3794 1365 3840 insteed

163 3857 251 3905 letires.
284 3857 311 3904 ln
320 3865 368 3904 two
375 3869 478 3920 passages
485 3859 570 3918 quoted
578 3860 610 3919 by
619 3857 737 3913 Graevius.
788 3857 816 3903 of
824 3873 855 3904 on
866 3859 906 3905 the
917 3855 1038 3904 differente
1048 3859 1154 3906 between
1165 3859 1294 3923 stultilylng
1304 3857 1366 3906 their

164 3923 193 3970 de
206 3923 260 3972 Am.
280 3934 318 3982 ²3·
333 3918 373 3976 86,
390 3920 435 3967 end
453 3921 503 3969 Fln.
521 3933 543 3969 e.
563 3922 600 3978 2⁸,
615 3936 655 3986 9³·
673 3921 738 3969 lbere
788 3921 873 3970 l'ormer
899 3937 1019 3978 matures,
1042 3923 1087 3969 end
1110 3922 1190 3970 meleis
1228 3921 1269 3969 the
1290 3924 1364 3971 world

164 4002 259 4049 appears
278 3995 304 4033 to
326 3987 355 4033 be
377 4001 408 4034 no
430 3986 481 4034 MS.
504 3987 623 4049 euthority
640 3988 676 4034 lor
697 3986 738 4034 the
788 3987 863 4051 lorget
874 3988 937 4034 velut
948 3985 993 4035 hed
1005 3987 1076 4035 taken
1087 3988 1159 4047 plsce.
1232 4003 1365 4036 eonevss

163 4053 271 4116 reading;
283 4053 329 4100 end
346 4051 370 4098 in
385 4049 442 4098 Tse.
453 4053 513 4099 Anu.
527 4063 548 4100 r.
564 4064 595 4114 53
612 4051 677 4099 ‘Nec
692 4052 736 4099 elis
787 4053 892 4112 possible,
904 4051 994 4117 though
1005 4053 1159 4113 inexpedient
1171 4053 1212 4100 tbe
1222 4052 1290 4101 other
1298 4054 1364 4113 quite

163 4126 212 4166 tem
229 4118 311 4166 intime
330 4114 424 4164 Tiberio
443 4115 527 4171 cause:
541 4117 648 4164 ‘intime'
661 4118 680 4164 is
693 4117 737 4164 rir-
786 4117 878 4180 beyond
889 4117 949 4164 their
960 4132 1045 4179 power.

163 4181 552 4247 tuellyequireleuttoepositive.
820 4193 860 4229 es.
878 4183 999 4232 Vestitus
1027 4183 1169 4232 loeditste.
1214 4181 1284 4244 They
1302 4195 1364 4229 erere

197 4261 233 4311 13.
253 4249 365 4298 Senatus
384 4247 506 4296 consulte
526 4247 602 4301 isliu,
618 4245 663 4293 dte.
696 4246 738 4293 See
786 4246 830 4293 still
848 4247 949 4308 wenring
968 4246 1008 4294 the
1026 4247 1137 4311 ‘segem'
1157 4245 1197 4294 the
1216 4245 1364 4309 melsneboly

161 4319 397 4372 5.4,1o-12notes.
786 4309 877 4355 witness
888 4309 918 4355 ol
925 4309 1003 4356 seiri!
1014 4325 1068 4358 srsr.
1101 4311 1284 4373 Cp.8.11,3e.
