2970 4700
171 213 235 304 338
322 215 372 278 M.
392 216 427 280 T.
453 214 706 280 CICERONIS
728 214 898 278 ORATIO
919 215 1096 280 PHILIP.
1120 217 1218 282 XIV.

170 375 404 462 quinquaginta
433 375 474 440 ad
503 377 615 440 omnia
650 375 831 460 pulvinaria
865 378 1068 441 constituat:
1104 396 1240 461 cumque
1270 380 1410 447 virtussa
1459 417 1460 428 κ

171 479 334 563 legionum
348 479 447 564 duna
461 479 649 544 clarissimis
664 479 910 563 imperatoribus
925 481 1099 565 exstiterit,
1115 491 1279 566 senatum,
1293 502 1371 567 quae

171 583 217 648 sit
238 593 337 648 autea
358 582 519 668 pollicitus
543 583 721 668 legionibus
746 583 999 666 exercitibusque
1025 586 1156 670 nostris,
1181 605 1222 650 ea
1247 605 1373 650 summo

172 687 281 754 sardio
309 706 344 750 re
373 687 500 771 publica
528 693 713 771 recuperata
742 685 935 750 soluturum:
969 707 1104 771 cumque
1134 688 1220 774 legio
1250 689 1373 756 Martia
1459 755 1460 758 ,

144 792 320 876 spriuceps
342 807 416 856 cum
433 789 577 855 hostibus
600 788 791 874 conflixerit,
812 799 909 872 atque
930 791 977 854 ita
999 810 1073 855 cum
1095 793 1218 856 m‘aiore
1241 811 1375 859 nurnero

173 895 314 960 hostium
336 893 551 977 contenderit,
573 901 621 977 ut,
641 911 716 958 cum
738 893 891 978 plurimos
913 893 1095 980 caederent,
1117 896 1271 960 caderent
1293 915 1375 960 non-

173 996 265 1081 nulli,
280 1014 415 1080 cumque
429 997 503 1061 sine
517 995 583 1062 ulla
597 997 825 1062 retractatione
840 1015 897 1081 pro
918 999 1021 1082 patria
1036 999 1140 1064 vitam
1155 999 1376 1084 profuderint3

171 1117 307 1182 cumque
329 1099 433 1164 simili
448 1101 569 1164 virtute
591 1099 784 1183 reliquarum
806 1100 971 1184 legionum
993 1101 1115 1166 milites
1136 1122 1193 1188 pro
1216 1103 1323 1168 salute
1342 1112 1376 1166 et
1459 1163 1460 1178 .

172 1202 321 1266 libertate
351 1203 458 1288 populi
486 1202 629 1267 Romani
660 1211 798 1267 mortem
826 1206 1064 1288 oppetiverint:
1093 1209 1223 1271 senatui
1250 1206 1376 1290 plaoere

130 1327 162 1368 ιο
173 1313 209 1370 ut
230 1303 271 1372 C.
293 1303 398 1370 Pausa
419 1306 460 1370 A.
483 1303 613 1370 Hirtius
636 1306 795 1390 consules,
819 1307 1039 1393 imperatores,
1061 1309 1142 1374 alter
1167 1310 1322 1395 ambove,
1347 1311 1375 1372 si
1459 1373 1460 1378 ,

173 1411 223 1474 eis
238 1409 395 1493 videatur,
410 1409 463 1493 iis,
478 1410 533 1492 qui
553 1409 743 1492 sanguinem
764 1429 821 1494 pro
835 1411 915 1494 vita,
931 1411 1092 1496 libertate,
1107 1412 1248 1476 fortunis
1268 1413 1376 1497 populi

173 1511 330 1594 Romani,
358 1531 415 1597 pro
444 1513 531 1596 urbe,
561 1511 691 1595 templis
720 1511 853 1576 deorum
882 1514 1115 1578 immortalium
1144 1515 1377 1600 profudissent,

174 1617 412 1679 monimentum
433 1633 528 1699 quam
549 1615 785 1700 amplissimum
805 1616 975 1681 locandum
997 1616 1244 1703 faciendumque
1263 1628 1378 1684 urreut
1459 1619 1460 1628 ’

173 1727 418 1801 quaestoresque
448 1721 586 1782 urbanos
614 1717 655 1783 ad
681 1738 752 1783 eam
778 1736 847 1784 rem
876 1722 1047 1804 pecuniam
1076 1722 1163 1806 dare,
1188 1725 1377 1806 attribuere,

132 1820 298 1896 resolvere
318 1821 463 1904 iubeant,
478 1831 513 1886 ut
529 1831 633 1886 exstet
652 1821 693 1887 ad
713 1825 903 1887 memoriam
924 1825 1124 1908 posteritatis
1144 1827 1377 1909 sempiternam
1459 1843 1460 1852 ²

174 1923 277 1990 scelus
292 1922 583 1988 crudelissimorum
604 1924 745 1990 hostium
760 1926 964 2010 militumque
978 1928 1091 1992 divina
1106 1931 1232 2013 virtus3
1254 1932 1376 2013 utique,
1459 1957 1460 1968 κ

173 2045 256 2110 quae
292 2029 435 2112 praemia
470 2037 602 2093 senatus
632 2029 791 2093 militibus
819 2038 897 2093 ante
926 2031 1111 2116 constituit,
1141 2051 1180 2095 ea
1209 2033 1378 2096 solvantur
1459 2071 1460 2086 .

175 2149 297 2214 eorum,
321 2131 377 2213 qui
403 2131 463 2195 hoc
488 2131 574 2195 bello
597 2151 653 2216 pro
678 2133 782 2216 patria
807 2132 1004 2218 occiderunt,
1031 2134 1229 2220 parentibus,
1255 2136 1378 2218 liberis,

176 2232 377 2318 coniugibus,
392 2233 553 2318 fratribus,
568 2236 671 2318 iisque
690 2235 881 2320 tribuantur,
895 2254 977 2319 quac
998 2237 1157 2302 militibus
1176 2239 1257 2322 ipsis
1276 2239 1376 2303 tribui
1459 2307 1460 2316 χ

132 2357 165 2394 se
176 2346 347 2422 oporteret,
362 2338 390 2400 si
406 2337 472 2400 vivi
489 2338 658 2422 vicissent,
672 2340 727 2422 qui
744 2348 847 2404 morte
862 2340 1020 2404 vicerunt.
1459 2337 1460 2344 '

176 2575 324 2627 tbeConsnls
334 2577 359 2624 ln
369 2577 428 2626 their
441 2577 546 2626 absence.
578 2577 699 2638 Cpl'aus.
712 2589 750 2628 ro.
800 2579 1015 2636 eamrem’srhich
1032 2580 1151 2644 issrholly
1166 2582 1300 2630 untensble
1333 2582 1377 2643 Cp.

179 2655 217 2700 ra,
229 2655 244 2704 3
261 2642 441 2691 ‘Placuituobis
453 2643 568 2690 utstatim
580 2643 751 2692 storuutum
800 2644 841 2693 the
852 2646 957 2710 srordiug
968 2647 996 2693 oi
1004 2646 1170 2694 thedecreein
1180 2660 1205 2710 9.
1219 2655 1242 2708 7,
1255 2644 1294 2696 16.

177 2716 306 2770 praetorem
317 2709 430 2756 urbanum
442 2709 529 2756 litteras
546 2708 691 2765 deferremus,
702 2709 749 2770 qui,
835 2708 873 2759 16.
901 2712 1002 2759 Divina
1027 2713 1122 2760 virtus.
1163 2711 1194 2759 So
1216 2712 1288 2759 Halm
1316 2712 1377 2759 hum

176 2773 240 2835 quod
250 2773 593 2828 consulesaberaut.consuhre
610 2787 750 2821 munustur-
800 2789 845 2822 one
860 2773 910 2822 MS.
951 2775 1004 2823 The
1019 2776 1097 2824 others
1112 2777 1172 2825 base
1186 2777 1232 2826 ‘ad
1247 2777 1376 2826 soclus...

175 2839 265 2886 tiuehat
273 2853 338 2886 ruore
349 2838 478 2887 maiorum!
799 2841 901 2888 divinam
912 2841 1037 2889 virtutem?

209 2917 234 2964 4.
261 2903 425 2954 soluturum.
469 2903 500 2952 so
524 2901 594 2951 haim
622 2902 680 2952 from
706 2919 752 2952 one
835 2906 947 2968 Utique.
986 2905 1016 2954 So
1032 2905 1109 2962 Halm.
1128 2905 1247 2984 followinp
1263 2905 1305 2954 the
1326 2921 1376 2983 sug·
1459 2899 1460 2918 ¹

176 2969 228 3018 MS.
262 2969 316 3018 The
329 2969 406 3018 others
420 2968 480 3018 hare
494 2967 675 3024 'resolutum’
693 2969 750 3016 ‘re'
800 2970 890 3035 gestiou
907 2971 936 3018 oi
950 2969 1069 3018 Manutius
1086 2971 1191 3034 (⁸1uslim
1208 2981 1375 3036 sequutuagrs

176 3035 264 3100 haring
277 3035 392 3084 theimoe
406 3035 435 3082 oi
446 3035 585 3146 ‘psyiupus
601 3033 681 3082 udsbt
691 3034 750 3089 dus.⁸
800 3035 1279 3098 euimredoletantiquitstem').iortified
1292 3037 1375 3100 hythe
1459 3083 1460 3090 ,

176 3101 240 3149 sain
256 3101 354 3149 'reddo'
371 3117 392 3151 c.
411 3112 500 3164 uaga.
553 3099 628 3148 lautus
644 3113 695 3147 uses
711 3099 752 3147 the
800 3100 985 3163 readingoione
997 3099 1048 3150 MS.
1459 3109 1460 3122 ¹

177 3166 409 3216 wordiuthessme
426 3181 498 3224 unse,
515 3165 637 3214 Menseeh.
649 3175 672 3226 5.
684 3174 708 3226 5,
720 3175 752 3226 30
837 3179 874 3230 ¹9·
893 3166 985 3228 lisque
1003 3167 1166 3216 tribuantur.
1199 3165 1376 3222 Souslndot
1459 3165 1460 3226 l

177 3231 347 3279 ‘obdormiseo
364 3233 382 3280 sl
402 3232 484 3279 resolvi
503 3240 623 3294 argentum
637 3229 692 3291 quoi
707 3243 753 3294 ego
802 3230 888 3316 lou-inp
906 3230 1026 3279 Ferrarius.
1068 3231 1121 3279 The
1141 3230 1206 3279 MSS.
1220 3241 1301 3293 repeat
1318 3233 1376 3279 ‘fra-

175 3295 267 3342 debeo!
301 3296 344 3356 Cp.
362 3297 393 3345 id.
405 3295 491 3356 Amph.
508 3307 530 3343 a.
548 3307 569 3348 a.
584 3293 632 3350 81;
649 3295 715 3356 Epid.
732 3306 753 3343 1.
803 3295 875 3343 tribus
902 3295 961 3343 aiter
977 3297 1082 3358 ‘iisqne’
1097 3296 1210 3360 probably
1225 3296 1375 3358 bymistake,

177 3371 260 3423 aaut
276 3359 331 3406 Ost.
344 3361 410 3408 Μ,
424 3371 515 3471 1533.
554 3358 673 3408 Manutius
690 3360 754 3408 reads
803 3360 902 3409 asthere
912 3359 931 3408 is
941 3374 974 3408 uo
985 3362 1084 3410 traoeoi
1091 3360 1376 3410 scustomsuchsssosne

178 3423 378 3485 ‘persoluturum’
399 3422 445 3470 sthi
498 3421 575 3468 srould
602 3423 631 3470 be
658 3425 754 3472 suitable
803 3433 983 3474 commentatum
1007 3425 1066 3475 hare
1099 3427 1228 3492 suggested.
1256 3425 1307 3474 that
1336 3425 1376 3474 the
1459 3433 1460 3446 ³

178 3487 278 3553 enough,
288 3489 330 3536 but
341 3496 397 3537 rests
409 3503 440 3536 on
451 3503 482 3536 no
493 3486 619 3550 authority.
802 3490 908 3538 brothers
930 3490 959 3538 uf
977 3490 1043 3539 those
1064 3491 1118 3539 srho
1140 3491 1187 3539 had
1203 3491 1272 3538 fallen
1288 3492 1312 3538 in
1328 3507 1376 3538 var

212 3565 235 3618 7.
248 3555 311 3603 Siue
334 3554 389 3602 ulla
414 3554 619 3610 retractatione.
639 3553 753 3604 ‘without
785 3555 885 3604 -should
902 3557 997 3604 srrcceed
1014 3565 1041 3604 to
1060 3557 1120 3605 their
1137 3557 1236 3620 military
1252 3555 1312 3604 rank
1331 3557 1376 3605 aud
1459 3565 1460 3572 ¹

179 3634 225 3682 any
241 3619 387 3676 herniosi
405 3634 442 3682 cp.
464 3619 514 3667 Art.
534 3631 572 3680 13.
591 3629 631 3680 a5.
653 3630 664 3667 t
686 3619 753 3668 ‘Sine
801 3621 929 3686 privileges.
1459 3657 1460 3690 ἦ

179 3686 224 3732 ulls
245 3685 392 3734 dubitatione
414 3695 454 3734 aut
476 3683 655 3734 retractatione.¹
700 3684 753 3734 The
837 3698 876 3734 ao.
895 3687 920 3735 Si
940 3687 998 3735 visi
1018 3687 1158 3736 vicissent.
1194 3685 1224 3733 So
1243 3685 1315 3733 hlalm
1331 3687 1376 3734 snd

178 3751 252 3808 word,
264 3749 340 3798 srhlch
356 3751 375 3800 is
392 3765 448 3810 rsre,
462 3751 481 3800 is
498 3751 554 3814 only
565 3751 636 3798 found
652 3749 676 3797 in
689 3765 753 3798 coru-
802 3749 899 3814 Rayser,
911 3751 1030 3817 following
1040 3751 1134 3800 Ernesti.
1168 3749 1221 3799 The
1237 3751 1302 3799 MSS.
1317 3751 1377 3799 bave
1459 3807 1460 3814 ἵ

178 3815 283 3865 binatiou
293 3815 350 3863 trith
368 3817 444 3864 ¹sine!
802 3817 836 3864 ‘si
847 3817 879 3863 illi
890 3817 1010 3874 sichsort'
1022 3816 1099 3866 which
1110 3818 1128 3864 is
1139 3817 1208 3864 much
1220 3817 1263 3865 less
1275 3817 1377 3864 forcible.

215 3891 252 3942 13.
269 3880 381 3938 Cureut,
398 3891 608 3946 quaestoresque
626 3881 752 3931 urbanos.
803 3881 907 3932 Another
922 3882 1078 3942 emendation,
1098 3882 1197 3944 adopted
1212 3883 1244 3946 by
1260 3881 1376 3938 Orelli‚is
1459 3895 1460 3922 r

179 3947 210 3997 So
221 3945 343 4003 Ferrarius,
356 3948 485 4011 correctiug
500 3947 540 3995 the
557 3948 653 4012 reading
668 3947 697 3994 ol
711 3946 752 3995 the
802 3947 835 3996 'si
846 3947 878 3995 illi
889 3946 1014 3998 rixhseut!

180 4013 403 4072 msanlonntum
423 4013 598 4076 faciendumque
620 4015 700 4061 urbem
722 4013 751 4061 ad
