<?xml version="1.0" encoding="UTF-8"?>
<!DOCTYPE html PUBLIC "-//W3C//DTD XHTML 1.0 Transitional//EN"
    "http://www.w3.org/TR/xhtml1/DTD/xhtml1-transitional.dtd">
<html xmlns="http://www.w3.org/1999/xhtml" xml:lang="en" lang="en">
 <head>
  <title>
</title>
<meta http-equiv="Content-Type" content="text/html;charset=utf-8" />
  <meta name='ocr-system' content='tesseract 3.04.00' />
  <meta name='ocr-capabilities' content='ocr_page ocr_carea ocr_par ocr_line ocrx_word'/>
</head>
<body>
  <div class='ocr_page' id='page_1' title='image "./philippicoratio02cicegoog_0166.png"; bbox 0 0 2970 4698; ppageno 0'>
   <div class='ocr_carea' id='block_1_1' title="bbox 148 251 1351 334">
    <p class='ocr_par' dir='ltr' id='par_1_1' title="bbox 148 251 1351 334">
     <span class='ocr_line' id='line_1_1' title="bbox 148 251 1351 334; baseline 0.001 -19"><span class='ocrx_word' id='word_1_1' title='bbox 148 259 177 315; x_wconf 78' lang='lat' dir='ltr'>il</span> <span class='ocrx_word' id='word_1_2' title='bbox 189 257 309 308; x_wconf 66' lang='lat' dir='ltr'>eo-as</span> <span class='ocrx_word' id='word_1_3' title='bbox 481 251 653 316; x_wconf 76' lang='lat' dir='ltr'><em>ORATIO</em></span> <span class='ocrx_word' id='word_1_4' title='bbox 681 253 958 318; x_wconf 81' lang='lat' dir='ltr'><em>PHILIPPICA</em></span> <span class='ocrx_word' id='word_1_5' title='bbox 992 254 1042 322; x_wconf 53' lang='lat' dir='ltr'>V..</span> <span class='ocrx_word' id='word_1_6' title='bbox 1292 262 1351 334; x_wconf 86' lang='lat'>151</span> 
     </span>
    </p>
   </div>
   <div class='ocr_carea' id='block_1_2' title="bbox 96 409 1400 2664">
    <p class='ocr_par' dir='ltr' id='par_1_2' title="bbox 96 409 1400 2664">
     <span class='ocr_line' id='line_1_2' title="bbox 147 409 1355 502; baseline 0.007 -32"><span class='ocrx_word' id='word_1_7' title='bbox 147 409 325 474; x_wconf 86' lang='lat' dir='ltr'>exercitum</span> <span class='ocrx_word' id='word_1_8' title='bbox 340 410 519 476; x_wconf 79' lang='lat' dir='ltr'>maximum</span> <span class='ocrx_word' id='word_1_9' title='bbox 530 410 724 478; x_wconf 88' lang='lat' dir='ltr'>adduceret?</span> <span class='ocrx_word' id='word_1_10' title='bbox 760 411 827 502; x_wconf 80' lang='lat' dir='ltr'>Qi</span> <span class='ocrx_word' id='word_1_11' title='bbox 842 421 951 478; x_wconf 91' lang='lat' dir='ltr'>autern</span> <span class='ocrx_word' id='word_1_12' title='bbox 962 412 1102 478; x_wconf 83' lang='lat' dir='ltr'>dilectus</span> <span class='ocrx_word' id='word_1_13' title='bbox 1114 410 1355 478; x_wconf 74' lang='lat' dir='ltr'>centurionum!</span> 
     </span>
     <span class='ocr_line' id='line_1_3' title="bbox 145 512 1354 600; baseline 0.004 -24"><span class='ocrx_word' id='word_1_14' title='bbox 145 529 229 594; x_wconf 89' lang='lat' dir='ltr'>quae</span> <span class='ocrx_word' id='word_1_15' title='bbox 251 512 422 578; x_wconf 82' lang='lat' dir='ltr'>effrenatio</span> <span class='ocrx_word' id='word_1_16' title='bbox 444 515 633 598; x_wconf 86' lang='lat' dir='ltr'>impotentis</span> <span class='ocrx_word' id='word_1_17' title='bbox 654 517 776 580; x_wconf 90' lang='lat' dir='ltr'>animi!</span> <span class='ocrx_word' id='word_1_18' title='bbox 820 517 906 582; x_wconf 91' lang='lat' dir='ltr'>Cum</span> <span class='ocrx_word' id='word_1_19' title='bbox 927 518 997 580; x_wconf 88' lang='lat' dir='ltr'>eius</span> <span class='ocrx_word' id='word_1_20' title='bbox 1019 517 1186 600; x_wconf 84' lang='lat' dir='ltr'>promissis</span> <span class='ocrx_word' id='word_1_21' title='bbox 1210 517 1354 599; x_wconf 83' lang='lat' dir='ltr'>legiones</span> 
     </span>
     <span class='ocr_line' id='line_1_4' title="bbox 146 615 1355 704; baseline 0.004 -27"><span class='ocrx_word' id='word_1_22' title='bbox 146 615 344 680; x_wconf 86' lang='lat' dir='ltr'>fortissimae</span> <span class='ocrx_word' id='word_1_23' title='bbox 365 617 604 704; x_wconf 83' lang='lat' dir='ltr'>reclamassent,</span> <span class='ocrx_word' id='word_1_24' title='bbox 627 619 757 684; x_wconf 90' lang='lat' dir='ltr'>domum</span> <span class='ocrx_word' id='word_1_25' title='bbox 777 618 817 683; x_wconf 89' lang='lat' dir='ltr'>ad</span> <span class='ocrx_word' id='word_1_26' title='bbox 839 640 874 684; x_wconf 90' lang='lat' dir='ltr'>se</span> <span class='ocrx_word' id='word_1_27' title='bbox 893 622 1004 684; x_wconf 87' lang='lat' dir='ltr'>venire</span> <span class='ocrx_word' id='word_1_28' title='bbox 1024 620 1118 686; x_wconf 89' lang='lat' dir='ltr'>iussit</span> <span class='ocrx_word' id='word_1_29' title='bbox 1139 620 1355 702; x_wconf 79' lang='lat' dir='ltr'>centuriones,</span> 
     </span>
     <span class='ocr_line' id='line_1_5' title="bbox 145 718 1354 807; baseline 0.005 -27"><span class='ocrx_word' id='word_1_30' title='bbox 145 735 227 799; x_wconf 92' lang='lat' dir='ltr'>quos</span> <span class='ocrx_word' id='word_1_31' title='bbox 249 718 332 784; x_wconf 89' lang='lat' dir='ltr'>bene</span> <span class='ocrx_word' id='word_1_32' title='bbox 355 723 477 784; x_wconf 86' lang='lat' dir='ltr'>sentire</span> <span class='ocrx_word' id='word_1_33' title='bbox 500 721 540 786; x_wconf 88' lang='lat' dir='ltr'>de</span> <span class='ocrx_word' id='word_1_34' title='bbox 566 743 600 786; x_wconf 89' lang='lat' dir='ltr'>re</span> <span class='ocrx_word' id='word_1_35' title='bbox 626 722 755 806; x_wconf 90' lang='lat' dir='ltr'>publica</span> <span class='ocrx_word' id='word_1_36' title='bbox 781 732 986 807; x_wconf 84' lang='lat' dir='ltr'>cognoverat,</span> <span class='ocrx_word' id='word_1_37' title='bbox 1012 741 1127 804; x_wconf 89' lang='lat' dir='ltr'>eosque</span> <span class='ocrx_word' id='word_1_38' title='bbox 1154 731 1231 786; x_wconf 87' lang='lat' dir='ltr'>ante</span> <span class='ocrx_word' id='word_1_39' title='bbox 1257 720 1354 803; x_wconf 86' lang='lat' dir='ltr'>pedes</span> 
     </span>
     <span class='ocr_line' id='line_1_6' title="bbox 145 823 1380 912; baseline 0.007 -29"><span class='ocrx_word' id='word_1_40' title='bbox 145 837 222 884; x_wconf 88' lang='lat' dir='ltr'>suos</span> <span class='ocrx_word' id='word_1_41' title='bbox 245 823 413 905; x_wconf 82' lang='lat' dir='ltr'>uxorisque</span> <span class='ocrx_word' id='word_1_42' title='bbox 435 843 522 908; x_wconf 89' lang='lat' dir='ltr'>suae,</span> <span class='ocrx_word' id='word_1_43' title='bbox 542 843 639 908; x_wconf 86' lang='lat' dir='ltr'>quam</span> <span class='ocrx_word' id='word_1_44' title='bbox 661 845 770 892; x_wconf 90' lang='lat' dir='ltr'>secum</span> <span class='ocrx_word' id='word_1_45' title='bbox 791 828 898 909; x_wconf 87' lang='lat' dir='ltr'>gravis</span> <span class='ocrx_word' id='word_1_46' title='bbox 921 827 1094 912; x_wconf 90' lang='lat' dir='ltr'>imperator</span> <span class='ocrx_word' id='word_1_47' title='bbox 1115 823 1156 888; x_wconf 84' lang='lat' dir='ltr'>ad</span> <span class='ocrx_word' id='word_1_48' title='bbox 1178 825 1380 892; x_wconf 81' lang='lat' dir='ltr'>exercitums</span> 
     </span>
     <span class='ocr_line' id='line_1_7' title="bbox 145 923 1354 1015; baseline 0.004 -28"><span class='ocrx_word' id='word_1_49' title='bbox 145 923 292 1010; x_wconf 85' lang='lat' dir='ltr'>duxerat,</span> <span class='ocrx_word' id='word_1_50' title='bbox 307 927 442 1009; x_wconf 86' lang='lat' dir='ltr'>iugulari</span> <span class='ocrx_word' id='word_1_51' title='bbox 458 929 574 1012; x_wconf 79' lang='lat' dir='ltr'>coegit.</span> <span class='ocrx_word' id='word_1_52' title='bbox 618 929 693 1015; x_wconf 84' lang='lat' dir='ltr'>Qo</span> <span class='ocrx_word' id='word_1_53' title='bbox 707 931 817 993; x_wconf 86' lang='lat' dir='ltr'>animo</span> <span class='ocrx_word' id='word_1_54' title='bbox 832 930 917 994; x_wconf 89' lang='lat' dir='ltr'>hunc</span> <span class='ocrx_word' id='word_1_55' title='bbox 934 930 1075 994; x_wconf 87' lang='lat' dir='ltr'>futurum</span> <span class='ocrx_word' id='word_1_56' title='bbox 1095 928 1193 994; x_wconf 85' lang='lat' dir='ltr'>fuisse</span> <span class='ocrx_word' id='word_1_57' title='bbox 1214 927 1354 992; x_wconf 89' lang='lat' dir='ltr'>censetis</span> 
     </span>
     <span class='ocr_line' id='line_1_8' title="bbox 146 1027 1354 1118; baseline 0.003 -28"><span class='ocrx_word' id='word_1_58' title='bbox 146 1027 183 1090; x_wconf 93' lang='lat' dir='ltr'>in</span> <span class='ocrx_word' id='word_1_59' title='bbox 214 1047 287 1112; x_wconf 61' lang='lat' dir='ltr'>nom</span> <span class='ocrx_word' id='word_1_60' title='bbox 312 1047 391 1112; x_wconf 89' lang='lat' dir='ltr'>quos</span> <span class='ocrx_word' id='word_1_61' title='bbox 416 1030 539 1118; x_wconf 86' lang='lat' dir='ltr'>oderat,</span> <span class='ocrx_word' id='word_1_62' title='bbox 566 1051 640 1096; x_wconf 91' lang='lat' dir='ltr'>cum</span> <span class='ocrx_word' id='word_1_63' title='bbox 666 1033 702 1096; x_wconf 90' lang='lat' dir='ltr'>in</span> <span class='ocrx_word' id='word_1_64' title='bbox 728 1052 794 1117; x_wconf 90' lang='lat' dir='ltr'>eos,</span> <span class='ocrx_word' id='word_1_65' title='bbox 820 1052 899 1116; x_wconf 91' lang='lat' dir='ltr'>quos</span> <span class='ocrx_word' id='word_1_66' title='bbox 925 1051 1098 1115; x_wconf 82' lang='lat' dir='ltr'>numquam</span> <span class='ocrx_word' id='word_1_67' title='bbox 1124 1030 1259 1115; x_wconf 87' lang='lat' dir='ltr'>viderat,</span> <span class='ocrx_word' id='word_1_68' title='bbox 1285 1038 1354 1094; x_wconf 91' lang='lat' dir='ltr'>tam</span> 
     </span>
     <span class='ocr_line' id='line_1_9' title="bbox 145 1121 1353 1220; baseline 0.002 -26"><span class='ocrx_word' id='word_1_69' title='bbox 145 1130 286 1194; x_wconf 90' lang='lat' dir='ltr'>crudelis</span> <span class='ocrx_word' id='word_1_70' title='bbox 311 1131 449 1198; x_wconf 90' lang='lat' dir='ltr'>fuisset?</span> <span class='ocrx_word' id='word_1_71' title='bbox 478 1145 512 1199; x_wconf 89' lang='lat' dir='ltr'>et</span> <span class='ocrx_word' id='word_1_72' title='bbox 537 1153 634 1218; x_wconf 90' lang='lat' dir='ltr'>quam</span> <span class='ocrx_word' id='word_1_73' title='bbox 659 1135 790 1200; x_wconf 90' lang='lat' dir='ltr'>avidum</span> <span class='ocrx_word' id='word_1_74' title='bbox 818 1137 853 1198; x_wconf 90' lang='lat' dir='ltr'>in</span> <span class='ocrx_word' id='word_1_75' title='bbox 879 1137 1025 1220; x_wconf 88' lang='lat' dir='ltr'>pecuniis</span> <span class='ocrx_word' id='word_1_76' title='bbox 1052 1121 1272 1218; x_wconf 79' lang='lat' dir='ltr'>locupletium,</span> <span class='ocrx_word' id='word_1_77' title='bbox 1297 1134 1353 1215; x_wconf 91' lang='lat' dir='ltr'>qui</span> 
     </span>
     <span class='ocr_line' id='line_1_10' title="bbox 146 1237 1385 1323; baseline -0.001 -24"><span class='ocrx_word' id='word_1_78' title='bbox 146 1253 322 1318; x_wconf 86' lang='lat' dir='ltr'>pauperum</span> <span class='ocrx_word' id='word_1_79' title='bbox 337 1237 526 1321; x_wconf 88' lang='lat' dir='ltr'>sanguinem</span> <span class='ocrx_word' id='word_1_80' title='bbox 544 1241 772 1323; x_wconf 85' lang='lat' dir='ltr'>concupisset?</span> <span class='ocrx_word' id='word_1_81' title='bbox 794 1259 928 1322; x_wconf 88' lang='lat' dir='ltr'>quorum</span> <span class='ocrx_word' id='word_1_82' title='bbox 945 1240 1087 1322; x_wconf 89' lang='lat' dir='ltr'>ipsorum</span> <span class='ocrx_word' id='word_1_83' title='bbox 1107 1239 1203 1320; x_wconf 91' lang='lat' dir='ltr'>bona,</span> <span class='ocrx_word' id='word_1_84' title='bbox 1217 1244 1354 1320; x_wconf 86' lang='lat' dir='ltr'>quanta·</span> <span class='ocrx_word' id='word_1_85' title='bbox 1377 1299 1385 1323; x_wconf 84' lang='lat'>.</span> 
     </span>
     <span class='ocr_line' id='line_1_11' title="bbox 146 1339 1400 1427; baseline -0.001 -25"><span class='ocrx_word' id='word_1_86' title='bbox 146 1357 284 1421; x_wconf 90' lang='lat' dir='ltr'>cumque</span> <span class='ocrx_word' id='word_1_87' title='bbox 305 1350 407 1424; x_wconf 87' lang='lat' dir='ltr'>erant,</span> <span class='ocrx_word' id='word_1_88' title='bbox 429 1343 541 1406; x_wconf 89' lang='lat' dir='ltr'>statim</span> <span class='ocrx_word' id='word_1_89' title='bbox 565 1343 633 1406; x_wconf 91' lang='lat' dir='ltr'>suis</span> <span class='ocrx_word' id='word_1_90' title='bbox 656 1343 831 1408; x_wconf 87' lang='lat' dir='ltr'>comitibus</span> <span class='ocrx_word' id='word_1_91' title='bbox 853 1341 1152 1427; x_wconf 86' lang='lat' dir='ltr'>compotoribusque</span> <span class='ocrx_word' id='word_1_92' title='bbox 1175 1339 1400 1422; x_wconf 42' lang='lat' dir='ltr'>descripsitque</span> 
     </span>
     <span class='ocr_line' id='line_1_12' title="bbox 96 1441 1353 1530; baseline 0 -26"><span class='ocrx_word' id='word_1_93' title='bbox 96 1457 134 1504; x_wconf 83' lang='lat' dir='ltr'>sa</span> <span class='ocrx_word' id='word_1_94' title='bbox 148 1441 256 1523; x_wconf 88' lang='lat' dir='ltr'>Atque</span> <span class='ocrx_word' id='word_1_95' title='bbox 277 1441 334 1505; x_wconf 92' lang='lat' dir='ltr'>ille</span> <span class='ocrx_word' id='word_1_96' title='bbox 354 1443 461 1508; x_wconf 73' lang='lat' dir='ltr'>ferrens</span> <span class='ocrx_word' id='word_1_97' title='bbox 480 1445 601 1510; x_wconf 78' lang='lat' dir='ltr'>infesta</span> <span class='ocrx_word' id='word_1_98' title='bbox 620 1447 688 1512; x_wconf 90' lang='lat' dir='ltr'>iam</span> <span class='ocrx_word' id='word_1_99' title='bbox 708 1447 830 1530; x_wconf 80' lang='lat' dir='ltr'>patriae</span> <span class='ocrx_word' id='word_1_100' title='bbox 851 1447 944 1530; x_wconf 88' lang='lat' dir='ltr'>signa</span> <span class='ocrx_word' id='word_1_101' title='bbox 963 1443 1166 1508; x_wconf 88' lang='lat' dir='ltr'>aBrundisio</span> <span class='ocrx_word' id='word_1_102' title='bbox 1184 1441 1353 1526; x_wconf 84' lang='lat' dir='ltr'>inferebat,</span> 
     </span>
     <span class='ocr_line' id='line_1_13' title="bbox 146 1537 1353 1632; baseline -0.002 -24"><span class='ocrx_word' id='word_1_103' title='bbox 146 1564 222 1608; x_wconf 88' lang='lat' dir='ltr'>cum</span> <span class='ocrx_word' id='word_1_104' title='bbox 251 1544 292 1609; x_wconf 88' lang='lat' dir='ltr'>C.</span> <span class='ocrx_word' id='word_1_105' title='bbox 322 1545 443 1612; x_wconf 86' lang='lat' dir='ltr'>Caesar</span> <span class='ocrx_word' id='word_1_106' title='bbox 471 1547 602 1612; x_wconf 90' lang='lat' dir='ltr'>deorum</span> <span class='ocrx_word' id='word_1_107' title='bbox 632 1537 865 1616; x_wconf 78' lang='lat' dir='ltr'>immortalium</span> <span class='ocrx_word' id='word_1_108' title='bbox 899 1547 1066 1632; x_wconf 84' lang='lat' dir='ltr'>beneficio,</span> <span class='ocrx_word' id='word_1_109' title='bbox 1095 1545 1208 1610; x_wconf 81' lang='lat' dir='ltr'>divina</span> <span class='ocrx_word' id='word_1_110' title='bbox 1237 1544 1353 1628; x_wconf 88' lang='lat' dir='ltr'>animi,</span> 
     </span>
     <span class='ocr_line' id='line_1_14' title="bbox 147 1648 1352 1738; baseline 0 -28"><span class='ocrx_word' id='word_1_111' title='bbox 147 1649 285 1732; x_wconf 88' lang='lat' dir='ltr'>ingenii,</span> <span class='ocrx_word' id='word_1_112' title='bbox 311 1649 441 1714; x_wconf 90' lang='lat' dir='ltr'>consilii</span> <span class='ocrx_word' id='word_1_113' title='bbox 459 1651 703 1738; x_wconf 77' lang='lat' dir='ltr'>magnitudine,</span> <span class='ocrx_word' id='word_1_114' title='bbox 728 1671 919 1738; x_wconf 91' lang='lat' dir='ltr'>quamquam</span> <span class='ocrx_word' id='word_1_115' title='bbox 945 1671 1002 1716; x_wconf 88' lang='lat' dir='ltr'>sua</span> <span class='ocrx_word' id='word_1_116' title='bbox 1027 1659 1141 1735; x_wconf 89' lang='lat' dir='ltr'>sponte</span> <span class='ocrx_word' id='word_1_117' title='bbox 1171 1648 1352 1730; x_wconf 81' lang='lat' dir='ltr'>eximiaque</span> 
     </span>
     <span class='ocr_line' id='line_1_15' title="bbox 146 1752 1353 1838; baseline 0 -24"><span class='ocrx_word' id='word_1_118' title='bbox 146 1752 280 1835; x_wconf 82' lang='lat' dir='ltr'>virtute,</span> <span class='ocrx_word' id='word_1_119' title='bbox 310 1761 421 1816; x_wconf 91' lang='lat' dir='ltr'>tamen</span> <span class='ocrx_word' id='word_1_120' title='bbox 451 1755 679 1838; x_wconf 87' lang='lat' dir='ltr'>approbatione</span> <span class='ocrx_word' id='word_1_121' title='bbox 706 1757 910 1822; x_wconf 84' lang='lat' dir='ltr'>auctoritatis</span> <span class='ocrx_word' id='word_1_122' title='bbox 939 1774 1031 1820; x_wconf 92' lang='lat' dir='ltr'>meae</span> <span class='ocrx_word' id='word_1_123' title='bbox 1060 1754 1203 1820; x_wconf 89' lang='lat' dir='ltr'>colonias</span> <span class='ocrx_word' id='word_1_124' title='bbox 1233 1752 1353 1836; x_wconf 87' lang='lat' dir='ltr'>patrias</span> 
     </span>
     <span class='ocr_line' id='line_1_16' title="bbox 146 1853 1395 1945; baseline -0.001 -27"><span class='ocrx_word' id='word_1_125' title='bbox 146 1853 242 1937; x_wconf 86' lang='lat' dir='ltr'>adiit,</span> <span class='ocrx_word' id='word_1_126' title='bbox 257 1863 426 1919; x_wconf 87' lang='lat' dir='ltr'>veteranos</span> <span class='ocrx_word' id='word_1_127' title='bbox 446 1858 568 1921; x_wconf 89' lang='lat' dir='ltr'>milites</span> <span class='ocrx_word' id='word_1_128' title='bbox 590 1861 794 1943; x_wconf 83' lang='lat' dir='ltr'>convocavit,</span> <span class='ocrx_word' id='word_1_129' title='bbox 810 1861 918 1945; x_wconf 85' lang='lat' dir='ltr'>paucis</span> <span class='ocrx_word' id='word_1_130' title='bbox 932 1858 1045 1924; x_wconf 90' lang='lat' dir='ltr'>diebus</span> <span class='ocrx_word' id='word_1_131' title='bbox 1065 1859 1241 1922; x_wconf 82' lang='lat' dir='ltr'>exercitum</span> <span class='ocrx_word' id='word_1_132' title='bbox 1260 1854 1351 1937; x_wconf 87' lang='lat' dir='ltr'>fecit,</span> <span class='ocrx_word' id='word_1_133' title='bbox 1366 1877 1395 1930; x_wconf 71' lang='lat' dir='ltr'>rr</span> 
     </span>
     <span class='ocr_line' id='line_1_17' title="bbox 147 1957 1352 2045; baseline -0.001 -25"><span class='ocrx_word' id='word_1_134' title='bbox 147 1958 303 2022; x_wconf 89' lang='lat' dir='ltr'>incitatos</span> <span class='ocrx_word' id='word_1_135' title='bbox 324 1959 487 2024; x_wconf 90' lang='lat' dir='ltr'>latronum</span> <span class='ocrx_word' id='word_1_136' title='bbox 514 1962 653 2045; x_wconf 88' lang='lat' dir='ltr'>impetus</span> <span class='ocrx_word' id='word_1_137' title='bbox 679 1961 861 2028; x_wconf 86' lang='lat' dir='ltr'>retardavit.</span> <span class='ocrx_word' id='word_1_138' title='bbox 908 1961 1023 2026; x_wconf 89' lang='lat' dir='ltr'>Postea</span> <span class='ocrx_word' id='word_1_139' title='bbox 1043 1979 1120 2024; x_wconf 84' lang='lat' dir='ltr'>vero</span> <span class='ocrx_word' id='word_1_140' title='bbox 1143 1978 1240 2044; x_wconf 89' lang='lat' dir='ltr'>quam</span> <span class='ocrx_word' id='word_1_141' title='bbox 1266 1957 1352 2040; x_wconf 83' lang='lat' dir='ltr'>legio</span> 
     </span>
     <span class='ocr_line' id='line_1_18' title="bbox 146 2059 1351 2148; baseline -0.001 -24"><span class='ocrx_word' id='word_1_142' title='bbox 146 2059 272 2124; x_wconf 87' lang='lat' dir='ltr'>Martia</span> <span class='ocrx_word' id='word_1_143' title='bbox 300 2060 414 2126; x_wconf 86' lang='lat' dir='ltr'>ducem</span> <span class='ocrx_word' id='word_1_144' title='bbox 440 2067 752 2147; x_wconf 86' lang='lat' dir='ltr'>praestantissimum</span> <span class='ocrx_word' id='word_1_145' title='bbox 777 2065 873 2148; x_wconf 89' lang='lat' dir='ltr'>vidit,</span> <span class='ocrx_word' id='word_1_146' title='bbox 899 2065 984 2129; x_wconf 89' lang='lat' dir='ltr'>nihil</span> <span class='ocrx_word' id='word_1_147' title='bbox 1008 2065 1077 2148; x_wconf 87' lang='lat' dir='ltr'>egit</span> <span class='ocrx_word' id='word_1_148' title='bbox 1102 2062 1189 2128; x_wconf 89' lang='lat' dir='ltr'>aliud</span> <span class='ocrx_word' id='word_1_149' title='bbox 1219 2062 1286 2126; x_wconf 90' lang='lat' dir='ltr'>nisi</span> <span class='ocrx_word' id='word_1_150' title='bbox 1314 2067 1351 2124; x_wconf 94' lang='lat' dir='ltr'>ut</span> 
     </span>
     <span class='ocr_line' id='line_1_19' title="bbox 104 2160 1350 2251; baseline -0.002 -23"><span class='ocrx_word' id='word_1_151' title='bbox 104 2164 318 2248; x_wconf 71' lang='lat' dir='ltr'>oaliquando</span> <span class='ocrx_word' id='word_1_152' title='bbox 344 2165 437 2230; x_wconf 88' lang='lat' dir='ltr'>liberi</span> <span class='ocrx_word' id='word_1_153' title='bbox 464 2186 625 2232; x_wconf 87' lang='lat' dir='ltr'>essemus:</span> <span class='ocrx_word' id='word_1_154' title='bbox 650 2187 748 2250; x_wconf 84' lang='lat' dir='ltr'>quam</span> <span class='ocrx_word' id='word_1_155' title='bbox 771 2177 819 2232; x_wconf 85' lang='lat' dir='ltr'>est</span> <span class='ocrx_word' id='word_1_156' title='bbox 845 2169 974 2233; x_wconf 87' lang='lat' dir='ltr'>imitata</span> <span class='ocrx_word' id='word_1_157' title='bbox 998 2160 1111 2251; x_wconf 79' lang='lat' dir='ltr'>quarta</span> <span class='ocrx_word' id='word_1_158' title='bbox 1137 2167 1231 2251; x_wconf 82' lang='lat' dir='ltr'>legio.</span> <span class='ocrx_word' id='word_1_159' title='bbox 1276 2163 1350 2250; x_wconf 81' lang='lat' dir='ltr'>Qo</span> 
     </span>
     <span class='ocr_line' id='line_1_20' title="bbox 146 2267 1351 2352; baseline 0 -22"><span class='ocrx_word' id='word_1_160' title='bbox 146 2267 203 2332; x_wconf 89' lang='lat' dir='ltr'>ille</span> <span class='ocrx_word' id='word_1_161' title='bbox 233 2269 350 2331; x_wconf 91' lang='lat' dir='ltr'>nuntio</span> <span class='ocrx_word' id='word_1_162' title='bbox 379 2270 491 2334; x_wconf 89' lang='lat' dir='ltr'>audito</span> <span class='ocrx_word' id='word_1_163' title='bbox 520 2289 594 2336; x_wconf 90' lang='lat' dir='ltr'>cum</span> <span class='ocrx_word' id='word_1_164' title='bbox 624 2281 773 2336; x_wconf 87' lang='lat' dir='ltr'>senatum</span> <span class='ocrx_word' id='word_1_165' title='bbox 802 2280 947 2336; x_wconf 89' lang='lat' dir='ltr'>vocasset</span> <span class='ocrx_word' id='word_1_166' title='bbox 983 2270 1241 2352; x_wconf 86' lang='lat' dir='ltr'>adhibuissetque</span> <span class='ocrx_word' id='word_1_167' title='bbox 1272 2286 1351 2330; x_wconf 92' lang='lat' dir='ltr'>con-</span> 
     </span>
     <span class='ocr_line' id='line_1_21' title="bbox 357 2372 1395 2455; baseline -0.002 -19"><span class='ocrx_word' id='word_1_168' title='bbox 357 2373 363 2386; x_wconf 89' lang='lat'>&#39;</span> <span class='ocrx_word' id='word_1_169' title='bbox 387 2391 445 2436; x_wconf 88' lang='lat' dir='ltr'>sua</span> <span class='ocrx_word' id='word_1_170' title='bbox 464 2375 630 2438; x_wconf 87' lang='lat' dir='ltr'>sententia</span> <span class='ocrx_word' id='word_1_171' title='bbox 643 2374 683 2439; x_wconf 93' lang='lat' dir='ltr'>C.</span> <span class='ocrx_word' id='word_1_172' title='bbox 698 2373 870 2440; x_wconf 87' lang='lat' dir='ltr'>Caesarem</span> <span class='ocrx_word' id='word_1_173' title='bbox 890 2375 1015 2438; x_wconf 91' lang='lat' dir='ltr'>hostem</span> <span class='ocrx_word' id='word_1_174' title='bbox 1037 2372 1204 2455; x_wconf 87' lang='lat' dir='ltr'>iudicaret,</span> <span class='ocrx_word' id='word_1_175' title='bbox 1220 2378 1349 2454; x_wconf 91' lang='lat' dir='ltr'>repente</span> <span class='ocrx_word' id='word_1_176' title='bbox 1363 2395 1395 2435; x_wconf 70' lang='grc' dir='ltr'>ιο</span> 
     </span>
     <span class='ocr_line' id='line_1_22' title="bbox 344 2473 1349 2560; baseline -0.001 -22"><span class='ocrx_word' id='word_1_177' title='bbox 344 2473 420 2542; x_wconf 86' lang='lat' dir='ltr'>Post</span> <span class='ocrx_word' id='word_1_178' title='bbox 441 2485 562 2560; x_wconf 87' lang='lat' dir='ltr'>autem,</span> <span class='ocrx_word' id='word_1_179' title='bbox 587 2496 690 2560; x_wconf 89' lang='lat' dir='ltr'>neque</span> <span class='ocrx_word' id='word_1_180' title='bbox 713 2477 877 2542; x_wconf 88' lang='lat' dir='ltr'>sacrificiis</span> <span class='ocrx_word' id='word_1_181' title='bbox 899 2477 1108 2542; x_wconf 88' lang='lat' dir='ltr'>sollemnibus</span> <span class='ocrx_word' id='word_1_182' title='bbox 1130 2475 1225 2540; x_wconf 86' lang='lat' dir='ltr'>factis</span> <span class='ocrx_word' id='word_1_183' title='bbox 1246 2493 1349 2558; x_wconf 89' lang='lat' dir='ltr'>neque</span> 
     </span>
     <span class='ocr_line' id='line_1_23' title="bbox 146 2558 1349 2664; baseline 0.003 -26"><span class='ocrx_word' id='word_1_184' title='bbox 146 2578 235 2642; x_wconf 84' lang='lat' dir='ltr'>votis</span> <span class='ocrx_word' id='word_1_185' title='bbox 254 2558 460 2664; x_wconf 64' lang='lat' dir='ltr'>nunbupatis‚</span> <span class='ocrx_word' id='word_1_186' title='bbox 484 2599 550 2644; x_wconf 91' lang='lat' dir='ltr'>non</span> <span class='ocrx_word' id='word_1_187' title='bbox 574 2580 734 2664; x_wconf 85' lang='lat' dir='ltr'>profectus</span> <span class='ocrx_word' id='word_1_188' title='bbox 755 2589 817 2664; x_wconf 86' lang='lat' dir='ltr'>est,</span> <span class='ocrx_word' id='word_1_189' title='bbox 839 2579 894 2644; x_wconf 89' lang='lat' dir='ltr'>sed</span> <span class='ocrx_word' id='word_1_190' title='bbox 921 2579 1059 2663; x_wconf 79' lang='lat' dir='ltr'>profugit</span> <span class='ocrx_word' id='word_1_191' title='bbox 1083 2577 1258 2663; x_wconf 82' lang='lat' dir='ltr'>paludatus.</span> <span class='ocrx_word' id='word_1_192' title='bbox 1302 2577 1349 2642; x_wconf 91' lang='lat' dir='ltr'>At</span> 
     </span>
    </p>
   </div>
   <div class='ocr_carea' id='block_1_3' title="bbox 93 2371 367 2562">
    <p class='ocr_par' dir='ltr' id='par_1_3' title="bbox 93 2371 367 2562">
     <span class='ocr_line' id='line_1_24' title="bbox 146 2371 367 2562; baseline 0 -128"><span class='ocrx_word' id='word_1_193' title='bbox 146 2371 297 2454; x_wconf 88' lang='lat' dir='ltr'>sularem,</span> <span class='ocrx_word' id='word_1_194' title='bbox 311 2389 367 2562; x_wconf 58' lang='lat' dir='ltr'>ppt</span> 
     </span>
     <span class='ocr_line' id='line_1_25' title="bbox 93 2473 328 2540; baseline -0.004 -2"><span class='ocrx_word' id='word_1_195' title='bbox 93 2483 133 2530; x_wconf 75' lang='lat'>24</span> <span class='ocrx_word' id='word_1_196' title='bbox 146 2473 300 2540; x_wconf 82' lang='lat' dir='ltr'>concidit</span> <span class='ocrx_word' id='word_1_197' title='bbox 326 2528 328 2537; x_wconf 93' lang='lat'>.</span> 
     </span>
    </p>
   </div>
   <div class='ocr_carea' id='block_1_4' title="bbox 145 2835 1352 4402">
    <p class='ocr_par' dir='ltr' id='par_1_4' title="bbox 145 2835 1352 4402">
     <span class='ocr_line' id='line_1_26' title="bbox 147 2835 1122 2904; baseline 0 -18"><span class='ocrx_word' id='word_1_198' title='bbox 147 2835 188 2886; x_wconf 88' lang='lat' dir='ltr'>the</span> <span class='ocrx_word' id='word_1_199' title='bbox 205 2837 281 2886; x_wconf 81' lang='lat' dir='ltr'>clause</span> <span class='ocrx_word' id='word_1_200' title='bbox 297 2837 432 2887; x_wconf 84' lang='lat' dir='ltr'>introduced</span> <span class='ocrx_word' id='word_1_201' title='bbox 443 2839 476 2900; x_wconf 87' lang='lat' dir='ltr'>by</span> <span class='ocrx_word' id='word_1_202' title='bbox 487 2838 556 2888; x_wconf 85' lang='lat' dir='ltr'>‘nisi&#39;</span> <span class='ocrx_word' id='word_1_203' title='bbox 570 2840 589 2886; x_wconf 91' lang='lat' dir='ltr'>is</span> <span class='ocrx_word' id='word_1_204' title='bbox 605 2837 723 2901; x_wconf 76' lang='lat' dir='ltr'>evidently</span> <span class='ocrx_word' id='word_1_205' title='bbox 773 2848 819 2888; x_wconf 87' lang='lat' dir='ltr'>tres</span> <span class='ocrx_word' id='word_1_206' title='bbox 830 2838 932 2904; x_wconf 86' lang='lat' dir='ltr'>legiones</span> <span class='ocrx_word' id='word_1_207' title='bbox 944 2837 1122 2886; x_wconf 68' lang='lat' dir='ltr'>Macedonicas!</span> 
     </span>
     <span class='ocr_line' id='line_1_27' title="bbox 147 2903 1352 2980; baseline 0.002 -30"><span class='ocrx_word' id='word_1_208' title='bbox 147 2911 228 2950; x_wconf 88' lang='lat' dir='ltr'>meant</span> <span class='ocrx_word' id='word_1_209' title='bbox 246 2903 343 2980; x_wconf 73' lang='lat' dir='ltr'>tegite</span> <span class='ocrx_word' id='word_1_210' title='bbox 362 2903 403 2951; x_wconf 90' lang='lat' dir='ltr'>the</span> <span class='ocrx_word' id='word_1_211' title='bbox 422 2905 531 2968; x_wconf 72' lang='lat' dir='ltr'>groums,</span> <span class='ocrx_word' id='word_1_212' title='bbox 548 2912 591 2952; x_wconf 89' lang='lat' dir='ltr'>not</span> <span class='ocrx_word' id='word_1_213' title='bbox 613 2905 653 2953; x_wconf 88' lang='lat' dir='ltr'>the</span> <span class='ocrx_word' id='word_1_214' title='bbox 671 2906 723 2954; x_wconf 85' lang='lat' dir='ltr'>sub·</span> <span class='ocrx_word' id='word_1_215' title='bbox 809 2914 847 2968; x_wconf 78' lang='lat'>17.</span> <span class='ocrx_word' id='word_1_216' title='bbox 866 2906 967 2954; x_wconf 85' lang='lat' dir='ltr'>Ducem</span> <span class='ocrx_word' id='word_1_217' title='bbox 1004 2904 1277 2966; x_wconf 82' lang='lat' dir='ltr'>praestantissimum.</span> <span class='ocrx_word' id='word_1_218' title='bbox 1316 2904 1352 2952; x_wconf 82' lang='lat' dir='ltr'>ot</span> 
     </span>
     <span class='ocr_line' id='line_1_28' title="bbox 149 2967 1348 3032; baseline 0.001 -17"><span class='ocrx_word' id='word_1_219' title='bbox 149 2977 228 3016; x_wconf 87' lang='lat' dir='ltr'>stance</span> <span class='ocrx_word' id='word_1_220' title='bbox 238 2970 268 3015; x_wconf 83' lang='lat' dir='ltr'>oi</span> <span class='ocrx_word' id='word_1_221' title='bbox 274 2968 310 3015; x_wconf 80' lang='lat' dir='ltr'>his</span> <span class='ocrx_word' id='word_1_222' title='bbox 321 2969 389 3030; x_wconf 90' lang='lat' dir='ltr'>hope.</span> <span class='ocrx_word' id='word_1_223' title='bbox 773 2969 819 3020; x_wconf 72' lang='lat' dir='ltr'>mis</span> <span class='ocrx_word' id='word_1_224' title='bbox 830 2970 859 3017; x_wconf 91' lang='lat' dir='ltr'>be</span> <span class='ocrx_word' id='word_1_225' title='bbox 871 2969 917 3017; x_wconf 82' lang='lat' dir='ltr'>bad</span> <span class='ocrx_word' id='word_1_226' title='bbox 929 2977 953 3017; x_wconf 85' lang='lat' dir='ltr'>st</span> <span class='ocrx_word' id='word_1_227' title='bbox 965 2969 1021 3016; x_wconf 85' lang='lat' dir='ltr'>least</span> <span class='ocrx_word' id='word_1_228' title='bbox 1032 2967 1134 3016; x_wconf 86' lang='lat' dir='ltr'>hitherto</span> <span class='ocrx_word' id='word_1_229' title='bbox 1150 2969 1218 3032; x_wconf 82' lang='lat' dir='ltr'>giren</span> <span class='ocrx_word' id='word_1_230' title='bbox 1229 2985 1260 3016; x_wconf 90' lang='lat' dir='ltr'>no</span> <span class='ocrx_word' id='word_1_231' title='bbox 1273 2969 1348 3030; x_wconf 69' lang='lat' dir='ltr'>moos.</span> 
     </span>
     <span class='ocr_line' id='line_1_29' title="bbox 183 3033 1223 3097; baseline 0.002 -17"><span class='ocrx_word' id='word_1_232' title='bbox 183 3045 205 3082; x_wconf 86' lang='lat'>1.</span> <span class='ocrx_word' id='word_1_233' title='bbox 221 3034 436 3082; x_wconf 83' lang='lat' dir='ltr'>centurionum.</span> <span class='ocrx_word' id='word_1_234' title='bbox 469 3034 683 3097; x_wconf 74' lang='lat' dir='ltr'>Soe3.a,4note.</span> <span class='ocrx_word' id='word_1_235' title='bbox 773 3033 844 3083; x_wconf 89' lang='lat' dir='ltr'>barin</span> <span class='ocrx_word' id='word_1_236' title='bbox 872 3035 925 3084; x_wconf 90' lang='lat' dir='ltr'>held</span> <span class='ocrx_word' id='word_1_237' title='bbox 937 3034 1223 3097; x_wconf 83' lang='lat' dir='ltr'>nomilitaryeommand.</span> 
     </span>
     <span class='ocr_line' id='line_1_30' title="bbox 183 3051 1349 3164; baseline 0.003 -19"><span class='ocrx_word' id='word_1_238' title='bbox 183 3110 204 3146; x_wconf 89' lang='lat' dir='ltr'>a.</span> <span class='ocrx_word' id='word_1_239' title='bbox 221 3098 394 3156; x_wconf 73' lang='lat' dir='ltr'>Hismario,</span> <span class='ocrx_word' id='word_1_240' title='bbox 417 3097 479 3159; x_wconf 59' lang='lat' dir='ltr'>dect</span> <span class='ocrx_word' id='word_1_241' title='bbox 499 3097 628 3160; x_wconf 58' lang='grc' dir='ltr'><strong><em>ἀρημένον,</em></strong></span> <span class='ocrx_word' id='word_1_242' title='bbox 645 3101 723 3148; x_wconf 77' lang='lat' dir='ltr'>‘what</span> <span class='ocrx_word' id='word_1_243' title='bbox 807 3051 887 3149; x_wconf 73' lang='lat' dir='ltr'>Nibil</span> <span class='ocrx_word' id='word_1_244' title='bbox 913 3102 969 3164; x_wconf 87' lang='lat' dir='ltr'>egit</span> <span class='ocrx_word' id='word_1_245' title='bbox 989 3101 1073 3156; x_wconf 84' lang='lat' dir='ltr'>aliud,</span> <span class='ocrx_word' id='word_1_246' title='bbox 1091 3103 1142 3154; x_wconf 76' lang='lat' dir='ltr'>dec..</span> <span class='ocrx_word' id='word_1_247' title='bbox 1164 3099 1201 3147; x_wconf 90' lang='lat' dir='ltr'>‘it</span> <span class='ocrx_word' id='word_1_248' title='bbox 1217 3107 1293 3147; x_wconf 77' lang='lat' dir='ltr'>rmore</span> <span class='ocrx_word' id='word_1_249' title='bbox 1313 3099 1349 3150; x_wconf 85' lang='lat' dir='ltr'>iot</span> 
     </span>
     <span class='ocr_line' id='line_1_31' title="bbox 147 3163 1205 3230; baseline -0.001 -18"><span class='ocrx_word' id='word_1_250' title='bbox 147 3163 268 3212; x_wconf 84' lang='lat' dir='ltr'>nobridled</span> <span class='ocrx_word' id='word_1_251' title='bbox 286 3165 339 3226; x_wconf 81' lang='lat' dir='ltr'>lory</span> <span class='ocrx_word' id='word_1_252' title='bbox 357 3166 387 3214; x_wconf 80' lang='lat' dir='ltr'>oi</span> <span class='ocrx_word' id='word_1_253' title='bbox 402 3179 433 3212; x_wconf 91' lang='lat' dir='ltr'>an</span> <span class='ocrx_word' id='word_1_254' title='bbox 448 3165 599 3229; x_wconf 84' lang='lat' dir='ltr'>ill-regulated</span> <span class='ocrx_word' id='word_1_255' title='bbox 619 3165 723 3227; x_wconf 70' lang='lat' dir='ltr'>temper!</span> <span class='ocrx_word' id='word_1_256' title='bbox 772 3166 872 3230; x_wconf 80' lang='lat' dir='ltr'>nothing</span> <span class='ocrx_word' id='word_1_257' title='bbox 884 3165 929 3212; x_wconf 81' lang='lat' dir='ltr'>else</span> <span class='ocrx_word' id='word_1_258' title='bbox 941 3175 1023 3226; x_wconf 83' lang='lat' dir='ltr'>except</span> <span class='ocrx_word' id='word_1_259' title='bbox 1034 3181 1076 3212; x_wconf 85' lang='lat' dir='ltr'>our</span> <span class='ocrx_word' id='word_1_260' title='bbox 1087 3163 1205 3212; x_wconf 74' lang='lat' dir='ltr'>freedom!</span> 
     </span>
     <span class='ocr_line' id='line_1_32' title="bbox 147 3228 1346 3295; baseline -0.001 -16"><span class='ocrx_word' id='word_1_261' title='bbox 147 3232 191 3292; x_wconf 88' lang='lat' dir='ltr'>Cp.</span> <span class='ocrx_word' id='word_1_262' title='bbox 212 3230 270 3278; x_wconf 84' lang='lat' dir='ltr'>Hor.</span> <span class='ocrx_word' id='word_1_263' title='bbox 292 3230 338 3278; x_wconf 91' lang='lat' dir='ltr'>0d.</span> <span class='ocrx_word' id='word_1_264' title='bbox 361 3243 382 3278; x_wconf 94' lang='lat'>1.</span> <span class='ocrx_word' id='word_1_265' title='bbox 403 3241 443 3292; x_wconf 73' lang='lat'>37,</span> <span class='ocrx_word' id='word_1_266' title='bbox 465 3243 495 3280; x_wconf 91' lang='grc' dir='ltr'>1ο</span> <span class='ocrx_word' id='word_1_267' title='bbox 523 3231 658 3293; x_wconf 78' lang='lat' dir='ltr'>‘Quidlibet</span> <span class='ocrx_word' id='word_1_268' title='bbox 681 3232 725 3280; x_wconf 90' lang='lat' dir='ltr'>im·</span> <span class='ocrx_word' id='word_1_269' title='bbox 809 3243 847 3295; x_wconf 88' lang='lat'>19.</span> <span class='ocrx_word' id='word_1_270' title='bbox 866 3231 1055 3285; x_wconf 83' lang='lat' dir='ltr'>Consularem,</span> <span class='ocrx_word' id='word_1_271' title='bbox 1068 3230 1114 3278; x_wconf 77' lang='lat' dir='ltr'>&amp;n</span> <span class='ocrx_word' id='word_1_272' title='bbox 1146 3231 1190 3277; x_wconf 86' lang='lat' dir='ltr'>We</span> <span class='ocrx_word' id='word_1_273' title='bbox 1204 3228 1346 3280; x_wconf 80' lang='lat' dir='ltr'>knowfrorn</span> 
     </span>
     <span class='ocr_line' id='line_1_33' title="bbox 147 3295 1348 3358; baseline 0.001 -14"><span class='ocrx_word' id='word_1_274' title='bbox 147 3305 229 3358; x_wconf 88' lang='lat' dir='ltr'>potens</span> <span class='ocrx_word' id='word_1_275' title='bbox 241 3295 344 3356; x_wconf 75' lang='lat' dir='ltr'>sperare.¹</span> <span class='ocrx_word' id='word_1_276' title='bbox 775 3309 797 3358; x_wconf 81' lang='lat'>3.</span> <span class='ocrx_word' id='word_1_277' title='bbox 810 3296 834 3351; x_wconf 89' lang='lat'>8,</span> <span class='ocrx_word' id='word_1_278' title='bbox 847 3308 879 3344; x_wconf 85' lang='lat' dir='ltr'>ao</span> <span class='ocrx_word' id='word_1_279' title='bbox 895 3295 946 3343; x_wconf 88' lang='lat' dir='ltr'>that</span> <span class='ocrx_word' id='word_1_280' title='bbox 962 3296 1003 3343; x_wconf 89' lang='lat' dir='ltr'>the</span> <span class='ocrx_word' id='word_1_281' title='bbox 1019 3296 1124 3344; x_wconf 82' lang='lat' dir='ltr'>consular</span> <span class='ocrx_word' id='word_1_282' title='bbox 1139 3295 1163 3342; x_wconf 86' lang='lat' dir='ltr'>in</span> <span class='ocrx_word' id='word_1_283' title='bbox 1180 3297 1284 3358; x_wconf 86' lang='lat' dir='ltr'>question</span> <span class='ocrx_word' id='word_1_284' title='bbox 1301 3295 1348 3344; x_wconf 83' lang='lat' dir='ltr'>had</span> 
     </span>
     <span class='ocr_line' id='line_1_34' title="bbox 182 3359 1348 3425; baseline 0.003 -18"><span class='ocrx_word' id='word_1_285' title='bbox 182 3373 204 3422; x_wconf 81' lang='lat'>3.</span> <span class='ocrx_word' id='word_1_286' title='bbox 222 3360 448 3417; x_wconf 86' lang='lat' dir='ltr'>Reclamassent,</span> <span class='ocrx_word' id='word_1_287' title='bbox 476 3360 537 3412; x_wconf 85' lang='lat' dir='ltr'>‘bad</span> <span class='ocrx_word' id='word_1_288' title='bbox 560 3361 657 3410; x_wconf 82' lang='lat' dir='ltr'>shonted</span> <span class='ocrx_word' id='word_1_289' title='bbox 680 3361 724 3410; x_wconf 84' lang='lat' dir='ltr'>dis-</span> <span class='ocrx_word' id='word_1_290' title='bbox 774 3377 842 3410; x_wconf 90' lang='lat' dir='ltr'>come</span> <span class='ocrx_word' id='word_1_291' title='bbox 859 3361 909 3408; x_wconf 90' lang='lat' dir='ltr'>into</span> <span class='ocrx_word' id='word_1_292' title='bbox 925 3361 966 3408; x_wconf 86' lang='lat' dir='ltr'>the</span> <span class='ocrx_word' id='word_1_293' title='bbox 982 3369 1060 3409; x_wconf 87' lang='lat' dir='ltr'>senate</span> <span class='ocrx_word' id='word_1_294' title='bbox 1076 3359 1134 3410; x_wconf 84' lang='lat' dir='ltr'>with</span> <span class='ocrx_word' id='word_1_295' title='bbox 1152 3361 1187 3410; x_wconf 87' lang='lat' dir='ltr'>his</span> <span class='ocrx_word' id='word_1_296' title='bbox 1204 3372 1258 3410; x_wconf 84' lang='lat' dir='ltr'>vote</span> <span class='ocrx_word' id='word_1_297' title='bbox 1276 3362 1348 3425; x_wconf 77' lang='lat' dir='ltr'>ready</span> 
     </span>
     <span class='ocr_line' id='line_1_35' title="bbox 146 3424 1347 3488; baseline 0.002 -15"><span class='ocrx_word' id='word_1_298' title='bbox 146 3424 272 3487; x_wconf 71' lang='lat' dir='ltr'>approval!</span> <span class='ocrx_word' id='word_1_299' title='bbox 313 3426 356 3488; x_wconf 87' lang='lat' dir='ltr'>Cp.</span> <span class='ocrx_word' id='word_1_300' title='bbox 379 3426 443 3474; x_wconf 75' lang='lat' dir='ltr'>eam.</span> <span class='ocrx_word' id='word_1_301' title='bbox 464 3438 486 3474; x_wconf 91' lang='lat'>1.</span> <span class='ocrx_word' id='word_1_302' title='bbox 511 3439 534 3482; x_wconf 88' lang='lat' dir='ltr'>a,</span> <span class='ocrx_word' id='word_1_303' title='bbox 557 3440 571 3475; x_wconf 84' lang='lat' dir='ltr'>s</span> <span class='ocrx_word' id='word_1_304' title='bbox 600 3427 724 3475; x_wconf 74' lang='lat' dir='ltr'>‘Ontioni</span> <span class='ocrx_word' id='word_1_305' title='bbox 773 3427 866 3474; x_wconf 76' lang='lat' dir='ltr'>written</span> <span class='ocrx_word' id='word_1_306' title='bbox 882 3425 958 3475; x_wconf 81' lang='lat' dir='ltr'>down.</span> <span class='ocrx_word' id='word_1_307' title='bbox 993 3426 1082 3473; x_wconf 81' lang='lat' dir='ltr'>‘When</span> <span class='ocrx_word' id='word_1_308' title='bbox 1096 3426 1126 3473; x_wconf 91' lang='lat' dir='ltr'>be</span> <span class='ocrx_word' id='word_1_309' title='bbox 1143 3426 1188 3474; x_wconf 88' lang='lat' dir='ltr'>had</span> <span class='ocrx_word' id='word_1_310' title='bbox 1204 3428 1347 3488; x_wconf 82' lang='lat' dir='ltr'>procureda</span> 
     </span>
     <span class='ocr_line' id='line_1_36' title="bbox 148 3491 1347 3556; baseline 0.002 -18"><span class='ocrx_word' id='word_1_311' title='bbox 148 3492 287 3547; x_wconf 73' lang='lat' dir='ltr'>reclanure:</span> <span class='ocrx_word' id='word_1_312' title='bbox 299 3491 345 3538; x_wconf 90' lang='lat' dir='ltr'>and</span> <span class='ocrx_word' id='word_1_313' title='bbox 357 3505 393 3539; x_wconf 85' lang='lat' dir='ltr'>see</span> <span class='ocrx_word' id='word_1_314' title='bbox 405 3506 437 3540; x_wconf 87' lang='lat' dir='ltr'>on</span> <span class='ocrx_word' id='word_1_315' title='bbox 447 3505 471 3554; x_wconf 72' lang='lat'>4</span> <span class='ocrx_word' id='word_1_316' title='bbox 485 3503 507 3548; x_wconf 87' lang='lat' dir='ltr'>a,</span> <span class='ocrx_word' id='word_1_317' title='bbox 519 3504 542 3553; x_wconf 82' lang='lat'>5.</span> <span class='ocrx_word' id='word_1_318' title='bbox 773 3493 878 3540; x_wconf 87' lang='lat' dir='ltr'>eonmlar</span> <span class='ocrx_word' id='word_1_319' title='bbox 888 3500 914 3539; x_wconf 89' lang='lat' dir='ltr'>to</span> <span class='ocrx_word' id='word_1_320' title='bbox 924 3505 1055 3553; x_wconf 86' lang='lat' dir='ltr'>pronomoe</span> <span class='ocrx_word' id='word_1_321' title='bbox 1066 3491 1207 3540; x_wconf 80' lang='lat' dir='ltr'>Octavianus</span> <span class='ocrx_word' id='word_1_322' title='bbox 1223 3508 1252 3540; x_wconf 91' lang='lat' dir='ltr'>an</span> <span class='ocrx_word' id='word_1_323' title='bbox 1263 3505 1347 3556; x_wconf 73' lang='lat' dir='ltr'>enemy</span> 
     </span>
     <span class='ocr_line' id='line_1_37' title="bbox 183 3555 978 3620; baseline 0 -16"><span class='ocrx_word' id='word_1_324' title='bbox 183 3567 221 3605; x_wconf 83' lang='lat' dir='ltr'>to.</span> <span class='ocrx_word' id='word_1_325' title='bbox 240 3557 410 3616; x_wconf 74' lang='lat' dir='ltr'>Descripsit,</span> <span class='ocrx_word' id='word_1_326' title='bbox 421 3556 466 3604; x_wconf 82' lang='lat' dir='ltr'>‘he</span> <span class='ocrx_word' id='word_1_327' title='bbox 476 3557 598 3618; x_wconf 87' lang='lat' dir='ltr'>portioned</span> <span class='ocrx_word' id='word_1_328' title='bbox 609 3555 657 3606; x_wconf 72' lang='lat' dir='ltr'>off!</span> <span class='ocrx_word' id='word_1_329' title='bbox 681 3557 724 3619; x_wconf 87' lang='lat' dir='ltr'>Cp.</span> <span class='ocrx_word' id='word_1_330' title='bbox 773 3557 805 3620; x_wconf 83' lang='lat' dir='ltr'>by</span> <span class='ocrx_word' id='word_1_331' title='bbox 817 3557 898 3604; x_wconf 79' lang='lat' dir='ltr'>formal</span> <span class='ocrx_word' id='word_1_332' title='bbox 909 3555 978 3604; x_wconf 68' lang='lat' dir='ltr'>vote?</span> 
     </span>
     <span class='ocr_line' id='line_1_38' title="bbox 147 3619 1347 3686; baseline 0.003 -19"><span class='ocrx_word' id='word_1_333' title='bbox 147 3637 190 3684; x_wconf 89' lang='lat' dir='ltr'>pro</span> <span class='ocrx_word' id='word_1_334' title='bbox 206 3621 280 3671; x_wconf 80' lang='lat' dir='ltr'>Flauo.</span> <span class='ocrx_word' id='word_1_335' title='bbox 297 3635 335 3684; x_wconf 82' lang='lat'>14.</span> <span class='ocrx_word' id='word_1_336' title='bbox 352 3633 382 3684; x_wconf 78' lang='lat'>32</span> <span class='ocrx_word' id='word_1_337' title='bbox 401 3619 542 3683; x_wconf 83' lang='lat' dir='ltr'>‘Descripsit</span> <span class='ocrx_word' id='word_1_338' title='bbox 556 3624 677 3684; x_wconf 74' lang='lat' dir='ltr'>pecunim</span> <span class='ocrx_word' id='word_1_339' title='bbox 694 3623 724 3669; x_wconf 87' lang='lat' dir='ltr'>ad</span> <span class='ocrx_word' id='word_1_340' title='bbox 809 3635 847 3672; x_wconf 84' lang='lat' dir='ltr'>ar.</span> <span class='ocrx_word' id='word_1_341' title='bbox 866 3623 1006 3678; x_wconf 84' lang='lat' dir='ltr'>Concidit,</span> <span class='ocrx_word' id='word_1_342' title='bbox 1022 3619 1068 3667; x_wconf 82' lang='lat' dir='ltr'>‘he</span> <span class='ocrx_word' id='word_1_343' title='bbox 1079 3619 1215 3682; x_wconf 72' lang='lat' dir='ltr'>oohspmdr&#39;</span> <span class='ocrx_word' id='word_1_344' title='bbox 1229 3634 1347 3686; x_wconf 78' lang='lat' dir='ltr'>cp.a.4a‚</span> 
     </span>
     <span class='ocr_line' id='line_1_39' title="bbox 147 3686 985 3751; baseline -0.001 -17"><span class='ocrx_word' id='word_1_345' title='bbox 147 3686 251 3749; x_wconf 89' lang='lat' dir='ltr'>Pompeii</span> <span class='ocrx_word' id='word_1_346' title='bbox 263 3686 393 3734; x_wconf 67' lang='lat' dir='ltr'>radonem}</span> <span class='ocrx_word' id='word_1_347' title='bbox 628 3691 632 3700; x_wconf 93' lang='lat'>&#39;</span> <span class='ocrx_word' id='word_1_348' title='bbox 776 3697 823 3751; x_wconf 78' lang='lat'>107</span> <span class='ocrx_word' id='word_1_349' title='bbox 835 3693 842 3714; x_wconf 83' lang='lat'><strong>⁴</strong></span> <span class='ocrx_word' id='word_1_350' title='bbox 852 3686 985 3736; x_wconf 72' lang='lat' dir='ltr'>concinni!</span> 
     </span>
     <span class='ocr_line' id='line_1_40' title="bbox 183 3749 1344 3815; baseline 0.003 -17"><span class='ocrx_word' id='word_1_351' title='bbox 183 3764 222 3800; x_wconf 88' lang='lat' dir='ltr'>ra.</span> <span class='ocrx_word' id='word_1_352' title='bbox 247 3753 363 3800; x_wconf 81' lang='lat' dir='ltr'>Divina.</span> <span class='ocrx_word' id='word_1_353' title='bbox 404 3751 435 3799; x_wconf 84' lang='lat' dir='ltr'>So</span> <span class='ocrx_word' id='word_1_354' title='bbox 460 3751 537 3808; x_wconf 82' lang='lat' dir='ltr'>llalm.</span> <span class='ocrx_word' id='word_1_355' title='bbox 559 3753 597 3799; x_wconf 83' lang='lat' dir='ltr'>ior</span> <span class='ocrx_word' id='word_1_356' title='bbox 618 3752 724 3809; x_wconf 74' lang='lat' dir='ltr'>&#39;divini’</span> <span class='ocrx_word' id='word_1_357' title='bbox 808 3766 846 3802; x_wconf 84' lang='lat' dir='ltr'>aa.</span> <span class='ocrx_word' id='word_1_358' title='bbox 864 3753 943 3801; x_wconf 80' lang='lat' dir='ltr'>Votis</span> <span class='ocrx_word' id='word_1_359' title='bbox 968 3751 1137 3812; x_wconf 80' lang='lat' dir='ltr'>nuncupatis.</span> <span class='ocrx_word' id='word_1_360' title='bbox 1173 3749 1215 3800; x_wconf 83' lang='lat' dir='ltr'>See</span> <span class='ocrx_word' id='word_1_361' title='bbox 1233 3764 1296 3815; x_wconf 78' lang='lat'>3.4‚</span> <span class='ocrx_word' id='word_1_362' title='bbox 1316 3761 1344 3802; x_wconf 81' lang='lat'>11</span> 
     </span>
     <span class='ocr_line' id='line_1_41' title="bbox 147 3815 1347 3882; baseline 0.005 -18"><span class='ocrx_word' id='word_1_363' title='bbox 147 3818 210 3864; x_wconf 82' lang='lat' dir='ltr'>from</span> <span class='ocrx_word' id='word_1_364' title='bbox 230 3833 244 3865; x_wconf 88' lang='lat' dir='ltr'>a</span> <span class='ocrx_word' id='word_1_365' title='bbox 262 3818 395 3878; x_wconf 80' lang='lat' dir='ltr'>conjecture</span> <span class='ocrx_word' id='word_1_366' title='bbox 412 3816 441 3866; x_wconf 87' lang='lat' dir='ltr'>of</span> <span class='ocrx_word' id='word_1_367' title='bbox 458 3816 582 3882; x_wconf 81' lang='lat' dir='ltr'>Madvig&#39;s.</span> <span class='ocrx_word' id='word_1_368' title='bbox 602 3818 724 3880; x_wconf 82' lang='lat' dir='ltr'>supported</span> <span class='ocrx_word' id='word_1_369' title='bbox 773 3827 835 3866; x_wconf 81' lang='lat' dir='ltr'>note</span> <span class='ocrx_word' id='word_1_370' title='bbox 888 3817 925 3863; x_wconf 85' lang='lat' dir='ltr'>lie</span> <span class='ocrx_word' id='word_1_371' title='bbox 952 3815 1017 3864; x_wconf 87' lang='lat' dir='ltr'>there</span> <span class='ocrx_word' id='word_1_372' title='bbox 1044 3823 1169 3876; x_wconf 88' lang='lat' dir='ltr'>represents</span> <span class='ocrx_word' id='word_1_373' title='bbox 1197 3817 1292 3881; x_wconf 82' lang='lat' dir='ltr'>Antony</span> <span class='ocrx_word' id='word_1_374' title='bbox 1320 3833 1347 3870; x_wconf 83' lang='lat' dir='ltr'>at</span> 
     </span>
     <span class='ocr_line' id='line_1_42' title="bbox 147 3879 1347 3946; baseline 0.002 -16"><span class='ocrx_word' id='word_1_375' title='bbox 147 3884 181 3945; x_wconf 81' lang='lat' dir='ltr'>by</span> <span class='ocrx_word' id='word_1_376' title='bbox 191 3896 237 3929; x_wconf 87' lang='lat' dir='ltr'>one</span> <span class='ocrx_word' id='word_1_377' title='bbox 248 3882 299 3932; x_wconf 84' lang='lat' dir='ltr'>MS.</span> <span class='ocrx_word' id='word_1_378' title='bbox 773 3884 860 3946; x_wconf 72' lang='lat' dir='ltr'>having</span> <span class='ocrx_word' id='word_1_379' title='bbox 875 3881 1022 3944; x_wconf 86' lang='lat' dir='ltr'>pronounced</span> <span class='ocrx_word' id='word_1_380' title='bbox 1039 3879 1079 3929; x_wconf 84' lang='lat' dir='ltr'>the</span> <span class='ocrx_word' id='word_1_381' title='bbox 1095 3894 1166 3938; x_wconf 67' lang='grc' dir='ltr'><strong>νυνι,</strong></span> <span class='ocrx_word' id='word_1_382' title='bbox 1186 3881 1228 3929; x_wconf 86' lang='lat' dir='ltr'>but</span> <span class='ocrx_word' id='word_1_383' title='bbox 1247 3883 1288 3931; x_wconf 79' lang='lat' dir='ltr'>leit</span> <span class='ocrx_word' id='word_1_384' title='bbox 1305 3883 1347 3932; x_wconf 88' lang='lat' dir='ltr'>the</span> 
     </span>
     <span class='ocr_line' id='line_1_43' title="bbox 183 3946 1064 4011; baseline -0.002 -16"><span class='ocrx_word' id='word_1_385' title='bbox 183 3959 220 4008; x_wconf 77' lang='lat'>13.</span> <span class='ocrx_word' id='word_1_386' title='bbox 240 3948 409 4011; x_wconf 74' lang='lat' dir='ltr'>Quamquam</span> <span class='ocrx_word' id='word_1_387' title='bbox 430 3963 475 3998; x_wconf 86' lang='lat' dir='ltr'>sna</span> <span class='ocrx_word' id='word_1_388' title='bbox 492 3957 599 4010; x_wconf 87' lang='lat' dir='ltr'>sponte.</span> <span class='ocrx_word' id='word_1_389' title='bbox 615 3949 668 4005; x_wconf 77' lang='lat' dir='ltr'>dcc..</span> <span class='ocrx_word' id='word_1_390' title='bbox 684 3949 727 3998; x_wconf 82' lang='lat' dir='ltr'>&#39;oi</span> <span class='ocrx_word' id='word_1_391' title='bbox 773 3947 885 3998; x_wconf 84' lang='lat' dir='ltr'>sacrifices</span> <span class='ocrx_word' id='word_1_392' title='bbox 896 3946 1064 4009; x_wconf 82' lang='lat' dir='ltr'>unpertornred.</span> 
     </span>
     <span class='ocr_line' id='line_1_44' title="bbox 146 4012 1346 4079; baseline 0.004 -20"><span class='ocrx_word' id='word_1_393' title='bbox 146 4012 183 4059; x_wconf 79' lang='lat' dir='ltr'>hir</span> <span class='ocrx_word' id='word_1_394' title='bbox 205 4027 263 4062; x_wconf 71' lang='lat' dir='ltr'>own</span> <span class='ocrx_word' id='word_1_395' title='bbox 281 4013 328 4061; x_wconf 85' lang='lat' dir='ltr'>free</span> <span class='ocrx_word' id='word_1_396' title='bbox 350 4014 404 4070; x_wconf 77' lang='lat' dir='ltr'>will,</span> <span class='ocrx_word' id='word_1_397' title='bbox 426 4014 446 4060; x_wconf 90' lang='lat' dir='ltr'>it</span> <span class='ocrx_word' id='word_1_398' title='bbox 467 4014 486 4061; x_wconf 87' lang='lat' dir='ltr'>is</span> <span class='ocrx_word' id='word_1_399' title='bbox 508 4023 566 4070; x_wconf 81' lang='lat' dir='ltr'>rme,</span> <span class='ocrx_word' id='word_1_400' title='bbox 588 4016 661 4062; x_wconf 86' lang='lat' dir='ltr'>under</span> <span class='ocrx_word' id='word_1_401' title='bbox 682 4013 723 4063; x_wconf 90' lang='lat' dir='ltr'>the</span> <span class='ocrx_word' id='word_1_402' title='bbox 807 4014 869 4062; x_wconf 83' lang='lat' dir='ltr'>Non</span> <span class='ocrx_word' id='word_1_403' title='bbox 894 4015 1032 4075; x_wconf 81' lang='lat' dir='ltr'>proiectus</span> <span class='ocrx_word' id='word_1_404' title='bbox 1061 4021 1109 4068; x_wconf 88' lang='lat' dir='ltr'>est.</span> <span class='ocrx_word' id='word_1_405' title='bbox 1138 4013 1184 4062; x_wconf 83' lang='lat' dir='ltr'>sed</span> <span class='ocrx_word' id='word_1_406' title='bbox 1214 4015 1346 4079; x_wconf 82' lang='lat' dir='ltr'>profugit.</span> 
     </span>
     <span class='ocr_line' id='line_1_45' title="bbox 145 4077 1347 4143; baseline 0.002 -18"><span class='ocrx_word' id='word_1_407' title='bbox 145 4078 289 4142; x_wconf 86' lang='lat' dir='ltr'>promptings</span> <span class='ocrx_word' id='word_1_408' title='bbox 300 4080 329 4127; x_wconf 84' lang='lat' dir='ltr'>ol</span> <span class='ocrx_word' id='word_1_409' title='bbox 336 4077 372 4128; x_wconf 85' lang='lat' dir='ltr'>his</span> <span class='ocrx_word' id='word_1_410' title='bbox 382 4079 508 4128; x_wconf 79' lang='lat' dir='ltr'>nndealled</span> <span class='ocrx_word' id='word_1_411' title='bbox 519 4080 601 4137; x_wconf 77' lang='lat' dir='ltr'>rinae.</span> <span class='ocrx_word' id='word_1_412' title='bbox 612 4089 652 4143; x_wconf 77' lang='lat' dir='ltr'>pet</span> <span class='ocrx_word' id='word_1_413' title='bbox 662 4079 721 4127; x_wconf 81' lang='lat' dir='ltr'>with</span> <span class='ocrx_word' id='word_1_414' title='bbox 771 4079 814 4142; x_wconf 88' lang='lat' dir='ltr'>Cp.</span> <span class='ocrx_word' id='word_1_415' title='bbox 832 4095 853 4128; x_wconf 88' lang='lat' dir='ltr'>e.</span> <span class='ocrx_word' id='word_1_416' title='bbox 870 4090 908 4135; x_wconf 87' lang='lat' dir='ltr'>tr,</span> <span class='ocrx_word' id='word_1_417' title='bbox 927 4091 960 4141; x_wconf 74' lang='lat' dir='ltr'>go</span> <span class='ocrx_word' id='word_1_418' title='bbox 978 4078 1050 4125; x_wconf 81' lang='lat' dir='ltr'>‘Post</span> <span class='ocrx_word' id='word_1_419' title='bbox 1064 4077 1185 4124; x_wconf 69' lang='lat' dir='ltr'>discum</span> <span class='ocrx_word' id='word_1_420' title='bbox 1200 4078 1296 4128; x_wconf 82' lang='lat' dir='ltr'>latronis</span> <span class='ocrx_word' id='word_1_421' title='bbox 1309 4079 1347 4128; x_wconf 84' lang='lat' dir='ltr'>vel</span> 
     </span>
     <span class='ocr_line' id='line_1_46' title="bbox 145 4143 1346 4208; baseline 0.001 -18"><span class='ocrx_word' id='word_1_422' title='bbox 145 4143 188 4190; x_wconf 91' lang='lat' dir='ltr'>the</span> <span class='ocrx_word' id='word_1_423' title='bbox 210 4143 250 4190; x_wconf 86' lang='lat' dir='ltr'>lull</span> <span class='ocrx_word' id='word_1_424' title='bbox 272 4143 377 4192; x_wconf 77' lang='lat' dir='ltr'>martion</span> <span class='ocrx_word' id='word_1_425' title='bbox 399 4145 429 4192; x_wconf 80' lang='lat' dir='ltr'>oi</span> <span class='ocrx_word' id='word_1_426' title='bbox 446 4157 487 4206; x_wconf 76' lang='lat' dir='ltr'>my</span> <span class='ocrx_word' id='word_1_427' title='bbox 509 4144 642 4208; x_wconf 72' lang='lat' dir='ltr'>arnonry!</span> <span class='ocrx_word' id='word_1_428' title='bbox 677 4145 721 4207; x_wconf 87' lang='lat' dir='ltr'>Cp.</span> <span class='ocrx_word' id='word_1_429' title='bbox 770 4145 848 4208; x_wconf 80' lang='lat' dir='ltr'>potius</span> <span class='ocrx_word' id='word_1_430' title='bbox 867 4145 1010 4204; x_wconf 82' lang='lat' dir='ltr'>desperatam</span> <span class='ocrx_word' id='word_1_431' title='bbox 1029 4143 1131 4207; x_wconf 73' lang='lat' dir='ltr'>fugemr&#39;</span> <span class='ocrx_word' id='word_1_432' title='bbox 1150 4143 1195 4188; x_wconf 76' lang='lat' dir='ltr'>and</span> <span class='ocrx_word' id='word_1_433' title='bbox 1217 4156 1254 4205; x_wconf 75' lang='lat'>13.</span> <span class='ocrx_word' id='word_1_434' title='bbox 1270 4158 1294 4207; x_wconf 87' lang='lat'>9,</span> <span class='ocrx_word' id='word_1_435' title='bbox 1315 4156 1346 4208; x_wconf 88' lang='lat'>19</span> 
     </span>
     <span class='ocr_line' id='line_1_47' title="bbox 146 4206 1347 4276; baseline 0.002 -22"><span class='ocrx_word' id='word_1_436' title='bbox 146 4207 312 4266; x_wconf 78' lang='lat' dir='ltr'>Att.16.8.a</span> <span class='ocrx_word' id='word_1_437' title='bbox 330 4209 508 4266; x_wconf 67' lang='lat' dir='ltr'>‘Consultabsq</span> <span class='ocrx_word' id='word_1_438' title='bbox 523 4218 600 4260; x_wconf 90' lang='lat' dir='ltr'>utrum</span> <span class='ocrx_word' id='word_1_439' title='bbox 617 4211 721 4260; x_wconf 81' lang='lat' dir='ltr'>Romam</span> <span class='ocrx_word' id='word_1_440' title='bbox 771 4210 893 4276; x_wconf 79' lang='lat' dir='ltr'>‘Egressus</span> <span class='ocrx_word' id='word_1_441' title='bbox 910 4217 944 4258; x_wconf 89' lang='lat' dir='ltr'>est</span> <span class='ocrx_word' id='word_1_442' title='bbox 960 4223 1009 4258; x_wconf 87' lang='lat' dir='ltr'>non</span> <span class='ocrx_word' id='word_1_443' title='bbox 1020 4209 1070 4264; x_wconf 82' lang='lat' dir='ltr'>viis.</span> <span class='ocrx_word' id='word_1_444' title='bbox 1081 4208 1120 4256; x_wconf 81' lang='lat' dir='ltr'>red</span> <span class='ocrx_word' id='word_1_445' title='bbox 1137 4206 1266 4256; x_wconf 73' lang='lat' dir='ltr'>tramitibus</span> <span class='ocrx_word' id='word_1_446' title='bbox 1282 4209 1347 4270; x_wconf 80' lang='lat' dir='ltr'>palu·</span> 
     </span>
     <span class='ocr_line' id='line_1_48' title="bbox 145 4272 1347 4339; baseline 0.002 -19"><span class='ocrx_word' id='word_1_447' title='bbox 145 4287 201 4320; x_wconf 88' lang='lat' dir='ltr'>cum</span> <span class='ocrx_word' id='word_1_448' title='bbox 227 4274 299 4322; x_wconf 82' lang='lat' dir='ltr'>tribus</span> <span class='ocrx_word' id='word_1_449' title='bbox 321 4275 413 4322; x_wconf 79' lang='lat' dir='ltr'>milibus</span> <span class='ocrx_word' id='word_1_450' title='bbox 435 4283 595 4323; x_wconf 57' lang='lat' dir='ltr'>remanorum</span> <span class='ocrx_word' id='word_1_451' title='bbox 620 4275 722 4338; x_wconf 85' lang='lat' dir='ltr'>proficis·</span> <span class='ocrx_word' id='word_1_452' title='bbox 771 4277 846 4332; x_wconf 82' lang='lat' dir='ltr'>datus.</span> <span class='ocrx_word' id='word_1_453' title='bbox 860 4311 866 4324; x_wconf 96' lang='lat'>.</span> <span class='ocrx_word' id='word_1_454' title='bbox 879 4274 1107 4332; x_wconf 66' lang='lat' dir='ltr'>..eaeoooniten</span> <span class='ocrx_word' id='word_1_455' title='bbox 1115 4272 1154 4320; x_wconf 87' lang='lat' dir='ltr'>sed</span> <span class='ocrx_word' id='word_1_456' title='bbox 1165 4281 1242 4322; x_wconf 83' lang='lat' dir='ltr'>currus</span> <span class='ocrx_word' id='word_1_457' title='bbox 1253 4281 1277 4321; x_wconf 90' lang='lat' dir='ltr'>et</span> <span class='ocrx_word' id='word_1_458' title='bbox 1289 4276 1347 4339; x_wconf 82' lang='lat' dir='ltr'>fuga</span> 
     </span>
     <span class='ocr_line' id='line_1_49' title="bbox 146 4339 919 4402; baseline 0.004 -15"><span class='ocrx_word' id='word_1_459' title='bbox 146 4345 244 4394; x_wconf 71' lang='lat' dir='ltr'>emetur,</span> <span class='ocrx_word' id='word_1_460' title='bbox 260 4353 291 4387; x_wconf 89' lang='lat' dir='ltr'>an</span> <span class='ocrx_word' id='word_1_461' title='bbox 306 4339 412 4402; x_wconf 85' lang='lat' dir='ltr'>Capuam</span> <span class='ocrx_word' id='word_1_462' title='bbox 429 4349 614 4390; x_wconf 86' lang='lat' dir='ltr'>teneret...an</span> <span class='ocrx_word' id='word_1_463' title='bbox 631 4343 674 4390; x_wconf 86' lang='lat' dir='ltr'>iret</span> <span class='ocrx_word' id='word_1_464' title='bbox 691 4340 721 4388; x_wconf 86' lang='lat' dir='ltr'>ad</span> <span class='ocrx_word' id='word_1_465' title='bbox 770 4339 919 4390; x_wconf 83' lang='lat' dir='ltr'>inGailiam.&#39;</span> 
     </span>
    </p>
   </div>
   <div class='ocr_carea' id='block_1_5' title="bbox 0 0 1490 4698">
    <p class='ocr_par' dir='ltr' id='par_1_5' title="bbox 0 0 1490 4698">
     <span class='ocr_line' id='line_1_50' title="bbox 0 0 1490 4698; baseline 0 1"><span class='ocrx_word' id='word_1_466' title='bbox 0 0 1490 4698; x_wconf 95' lang='lat' dir='ltr'> </span> 
     </span>
    </p>
   </div>
  </div>
 </body>
</html>
