2970 4698
176 179 216 240 86
520 179 570 236 M.
601 175 760 236 TULLII
789 174 1039 236 CICERONIS
1195 187 1409 242 oceo-ae.

175 333 323 418 equidem
353 346 386 399 te
414 345 559 420 paratum
587 337 726 418 venisse,
749 333 833 416 quod
863 351 916 395 me
944 333 984 396 de
1015 335 1183 396 ementitis
1211 331 1405 416 auspiciis,

174 440 287 521 quibus
301 449 412 503 tamen
428 459 536 524 parere
552 459 682 503 necesse
699 447 781 522 erat,
795 447 922 521 putares
942 457 1010 500 esse
1030 437 1199 500 dicturum.
1242 435 1404 500 Sustulit

175 542 267 605 illum
287 541 376 606 diem
391 543 529 608 Fortuna
549 545 595 607 rei
618 542 774 627 publicae.
819 541 912 604 Num
934 543 1034 604 etiam
1050 550 1140 632 tuum
1161 540 1201 602 de
1223 539 1402 623 auspiciis

176 645 331 710 iudicium
358 649 508 711 interitus
531 647 682 711 Caesaris
704 644 861 710 sustulit?
902 643 963 708 Sed
987 645 1089 708 incidi
1115 646 1151 707 in
1179 643 1212 706 id
1237 654 1400 727 tempuss,

147 749 259 832 squod
283 751 324 813 iis
346 750 450 835 rebus,
473 753 509 814 in
530 771 608 835 quas
634 752 776 832 ingressa
800 759 868 811 erat
891 749 1006 832 orati0,
1029 747 1294 832 praevertendum
1322 762 1398 810 est.

176 853 273 939 Quae
299 862 355 917 tua
378 854 467 937 fuga!
501 874 582 936 quae
607 853 746 916 formido
772 852 932 936 praeclaro
956 852 1014 914 illo
1039 852 1112 916 die!
1142 871 1222 935 quae
1249 861 1399 936 propter

176 957 410 1020 conscientiam
424 957 581 1020 scelerum
595 957 776 1041 desperatio
790 956 896 1020 vitae!
919 975 992 1019 curn
1006 975 1044 1019 ex
1061 956 1118 1019 illa
1131 956 1207 1038 fuga
1221 954 1397 1017 beneficio

178 1077 300 1142 comm,
324 1061 379 1142 qui
409 1069 455 1144 te,
482 1061 509 1122 si
540 1080 636 1123 sanus
660 1079 757 1144 esses,
781 1059 905 1122 salvum
929 1079 998 1122 esse
1024 1058 1204 1143 voluerunt,
1229 1058 1316 1122 clam
1349 1067 1395 1120 te

176 1161 307 1225 domurn
322 1165 483 1248 recepisti.
527 1163 559 1227 O
575 1182 648 1227 mea
667 1164 782 1226 frustra
800 1181 924 1246 semper
939 1164 1107 1226 verissima
1123 1163 1254 1246 auguria
1273 1181 1391 1224 rerum
1409 1177 1456 1222 aa

134 1289 165 1324 ιο
177 1264 370 1331 futurarum!
414 1267 573 1331 Dicebam
595 1267 661 1330 illis
681 1269 717 1330 in
732 1266 897 1350 Capitolio
918 1266 1139 1329 liberatoribus
1158 1266 1288 1350 nostris,
1304 1285 1391 1328 curn

178 1387 230 1431 me
251 1369 291 1432 ad
313 1379 347 1432 te
370 1372 416 1434 ire
442 1371 577 1455 vellent,
604 1381 639 1433 ut
662 1369 702 1433 ad
729 1369 964 1432 defendendam
986 1390 1055 1433 rem
1078 1370 1238 1454 publicam
1263 1379 1299 1432 te
1323 1368 1390 1432 ad-

177 1473 336 1536 hortarer:
356 1473 459 1557 quoad
476 1483 645 1557 metueres,
659 1474 769 1536 omnia
783 1483 817 1535 te
832 1475 1078 1558 promissurum,
1099 1472 1195 1536 simul
1209 1493 1248 1536 ac
1262 1474 1388 1535 timere

177 1575 324 1660 desisses,
349 1577 490 1640 similem
517 1587 550 1641 te
575 1577 714 1640 futurum
736 1580 796 1641 tui.
839 1575 952 1660 Itaque
979 1597 1051 1640 cum
1074 1579 1174 1641 ceteri
1197 1577 1388 1642 consulares

179 1679 265 1741 irent
279 1679 434 1763 redirent,
449 1681 484 1741 in
499 1682 663 1744 sententia
678 1681 803 1744 mansi:
825 1700 928 1763 neque
943 1689 977 1742 te
991 1680 1051 1743 illo
1066 1681 1119 1743 die
1134 1701 1236 1762 neque
1251 1687 1386 1764 postero

135 1797 164 1848 15
178 1781 260 1864 vidi,
276 1801 379 1866 neque
394 1782 493 1846 ullam
512 1784 702 1846 societatem
719 1785 852 1867 optimis
866 1784 992 1847 civibus
1012 1803 1085 1847 cum
1106 1785 1385 1869 importunissimo

179 1886 270 1949 hoste
293 1886 421 1949 foedere
443 1886 511 1950 ullo
536 1887 715 1951 confirmari
743 1907 833 1972 posse
859 1888 990 1952 credidi.
1034 1888 1110 1952 Post
1135 1889 1221 1952 diem
1246 1890 1383 1951 tertium

178 1993 256 2054 veni
283 1992 319 2052 in
344 1990 457 2053 aedem
486 1991 640 2071 Telluris,
666 2002 700 2054 et
724 1992 854 2074 quidem
880 1993 1015 2076 invitus,
1040 2011 1115 2056 cum
1137 2010 1249 2055 omnes
1274 1990 1383 2055 aditus

178 2094 294 2157 armati
313 2093 506 2158 obsiderent.
549 2095 615 2182 Qi
639 2096 701 2158 tibi
721 2095 789 2159 dies
812 2094 880 2178 ille,
896 2095 1035 2180 Antoni,
1053 2096 1132 2160 fuit!
1175 2096 1382 2183 Qamquam
1396 2109 1440 2156 oo

135 2316 167 2352 20
179 2301 346 2365 invideris.
389 2301 457 2388 Qi
472 2309 508 2364 tu
529 2302 591 2385 vir,
611 2301 644 2364 di
669 2300 878 2385 immortales,
893 2311 926 2364 et
945 2311 1082 2384 quantus
1102 2302 1225 2385 misses,
1241 2303 1269 2366 si
1292 2302 1379 2365 illius
1395 2303 1454 2370 36

178 2404 246 2468 diei
276 2413 420 2467 mentem
450 2423 577 2467 servare
607 2405 779 2489 potuisses!
832 2401 948 2468 Pacem
977 2405 1175 2490 haberemus,
1199 2424 1281 2488 quae
1307 2415 1377 2468 erat

215 2653 237 2688 1.
254 2639 406 2686 Ementitis
434 2639 574 2700 auspiciis.
616 2637 659 2698 Cp.
679 2651 754 2700 agg,
804 2636 910 2683 Plutarch
933 2635 1000 2697 (Ant.
1023 2652 1043 2683 c.
1069 2637 1110 2696 14)
1138 2634 1188 2682 that
1216 2635 1317 2696 Antony‚
1344 2651 1375 2683 on

181 2705 228 2765 83;
252 2717 276 2766 3.
294 2719 318 2764 4,
336 2718 361 2769 9.
401 2704 520 2752 Fictitious
538 2704 645 2751 however
663 2702 753 2766 though
804 2701 899 2764 hearing
910 2701 938 2748 oi
945 2701 1048 2749 Caeaar’s
1059 2700 1275 2755 assassination,hid
1288 2700 1379 2749 himself

180 2771 236 2832 they
247 2785 314 2826 were.
326 2778 365 2831 yet
376 2769 446 2834 being
458 2768 754 2830 formallydeclaredtheee
804 2766 827 2813 in
839 2766 879 2814 the
890 2766 987 2830 disguise
998 2767 1027 2814 oi
1035 2782 1048 2814 a
1059 2765 1128 2815 dave.

181 2837 281 2898 auspices
298 2836 365 2883 could
377 2844 419 2882 not
433 2835 462 2880 be
476 2835 571 2896 ignored
590 2835 624 2880 till
639 2834 694 2894 they
708 2832 754 2880 had
838 2829 861 2879 8.
879 2831 904 2878 Si
927 2847 1009 2880 sanus
1028 2847 1110 2888 esses,
1134 2832 1170 2878 ‘il
1184 2846 1232 2892 you
1243 2831 1316 2880 would
1333 2833 1373 2880 but

180 2903 240 2948 been
262 2915 286 2947 as
304 2899 410 2960 iormally
434 2899 553 2945 annulled:
575 2898 648 2945 hence
662 2905 755 2959 ‘parere
804 2897 917 2944 entertain
934 2899 1007 2945 sound
1024 2898 1092 2945 viem
1109 2898 1181 2945 about
1197 2895 1323 2945 thestsrez'
1338 2913 1373 2958 cp.

182 2980 272 3014 necesse
283 2964 348 3012 erat)
805 2978 826 3008 c.
847 2974 885 3016 21,
905 2975 934 3022 51
956 2963 1014 3024 'Ipsi
1033 2964 1061 3010 C.
1079 2963 1179 3018 Caesari.
1197 2962 1215 3009 si
1234 2978 1287 3010 sana
1300 2971 1373 3010 mente

216 3043 238 3077 a.
255 3030 376 3075 Putares.
411 3027 455 3073 For
475 3027 521 3074 this
542 3041 582 3074 use
599 3028 627 3074 oi
647 3026 687 3074 the
705 3029 756 3076 sub-
806 3035 872 3082 esset,
883 3029 999 3074 consulere
1010 3028 1111 3075 velletis!

181 3093 283 3154 junctive
296 3107 332 3139 see
346 3108 366 3142 c.
379 3099 504 3155 4,7note.
841 3103 879 3154 14.
900 3093 976 3140 irent
1003 3093 1138 3140 redirent.
1177 3093 1219 3141 See
1242 3109 1262 3142 c.
1284 3106 1319 3154 31,
1342 3093 1370 3157 78

222 3158 347 3214 Sustulit.
387 3157 514 3204 ‘rendered
545 3157 686 3204 unavailable
721 3157 757 3204 ior
806 3165 869 3204 note.

183 3223 260 3284 public
278 3223 394 3270 business!
427 3222 471 3282 Cp.
489 3224 518 3268 de
537 3222 757 3284 Dom.17.45‘Si
842 3220 880 3270 16.
897 3222 964 3270 Post
986 3222 1059 3270 diem
1087 3224 1212 3279 tertium,
1241 3230 1300 3272 ‘two
1320 3224 1371 3286 &ys

182 3303 228 3350 qua
244 3303 280 3336 res
295 3288 358 3335 illum
376 3287 438 3333 diem
455 3295 494 3334 aut
512 3288 615 3348 auspiciis
632 3297 672 3335 aut
689 3303 757 3335 excu-
807 3287 880 3342 aher:
894 3295 925 3334 bn
939 3288 978 3336 the
995 3288 1051 3350 ryth
1068 3289 1097 3336 ol
1109 3289 1200 3344 March.
1217 3289 1331 3353 according
1347 3299 1370 3337 to

182 3354 271 3400 satione
285 3354 382 3406 sustulit.
394 3359 445 3398 tota
457 3367 523 3400 causa
538 3353 693 3413 iudiciumque
707 3355 757 3400 sub·
807 3351 847 3398 the
869 3353 963 3400 Roman
982 3353 1088 3402 inclusive
1108 3356 1177 3402 mode
1195 3355 1224 3402 of
1241 3354 1370 3419 reckouing:

181 3418 255 3466 latum
267 3418 312 3465 sit!
807 3431 844 3478 cp.
854 3417 882 3464 de
899 3417 953 3466 Div.
969 3430 990 3466 t.
1006 3431 1045 3480 25,
1058 3429 1088 3480 ,aa
1107 3419 1160 3466 'Est
1183 3420 1243 3479 apud
1260 3419 1369 3468 Platonem

217 3482 346 3545 3.Tuum
381 3483 412 3529 de
445 3481 578 3545 auspiciis
615 3483 758 3530 iudicium.
808 3481 1369 3546 Socraten..dicensCritonisibiposttertium

183 3549 249 3596 Since
260 3548 358 3612 nothing
369 3563 434 3595 more
446 3563 492 3595 was
502 3546 572 3595 heard
584 3548 612 3594 os
625 3563 671 3609 any
682 3549 759 3608 objec·
808 3547 871 3594 diem
882 3562 930 3595 esse
941 3547 1085 3595 moriendum
1093 3549 1108 3602 ς’
1124 3549 1170 3596 and
1181 3549 1239 3598 Tac.
1250 3551 1307 3598 Anu.
1315 3549 1368 3600 1.62

183 3616 245 3661 tione
267 3621 293 3660 to
315 3614 355 3662 the
378 3614 473 3674 validity
492 3613 520 3659 oi
539 3613 678 3660 Dolabella's
700 3614 758 3660 elec·
808 3611 1170 3662 ‘Poetaexttuncladisannum’

184 3678 242 3728 tion.
843 3689 881 3739 17.
897 3677 968 3725 Veni
985 3679 1012 3725 in
1029 3679 1124 3726 aedem
1143 3679 1272 3728 Telluris.
1302 3680 1368 3730 Seer.

184 3743 396 3856 ‘wirlcthldtnis'
408 3745 676 3869 ptepppeenvcprtgydtpp
692 3751 759 3856 altili
811 3752 833 3796 Ι,
844 3752 953 3870 lssloliui
970 3810 1023 3858 tibi
1040 3809 1098 3857 dies
1115 3810 1177 3858 illei
1189 3809 1265 3857 ‘what
1275 3826 1288 3858 a
1298 3811 1336 3872 day
1346 3813 1370 3858 oi

184 3871 294 3922 matters!
327 3873 489 3920 ‘Praevertor’
506 3873 592 3937 (rarely
610 3881 616 3900 ¹
623 3873 758 3935 praevorto:
809 3871 876 3983 giory
888 3889 934 3921 was
946 3873 997 3921 that
1008 3875 1044 3922 for
1055 3873 1125 3936 youl'
1138 3876 1332 3939 asbeingmarlred
1340 3878 1367 3939 by

184 3953 209 3986 as
220 3940 243 3986 in
255 3939 312 3985 Tac.
325 3937 419 4000 Anna
434 3937 477 3999 32)
490 3939 508 3985 is
521 3941 655 4000 commonly
666 3940 721 3987 used
735 3939 759 3985 in
827 3937 845 3984 is
862 3939 912 3986 acal
930 3939 966 3985 ior
982 3939 1022 3986 the
1040 3940 1086 3986 real
1104 3940 1207 3988 interests
1226 3942 1254 3988 oi
1263 3941 1300 3988 the
1311 3951 1367 3990 state.

184 4003 224 4051 the
241 4019 305 4051 sense
320 4003 349 4049 of
368 4003 476 4067 ‘turning
498 4003 545 4052 first
561 4005 603 4058 to‚'
618 4004 707 4069 though
719 4005 759 4051 sel·
809 4001 953 4058 See1.1.a.
988 4005 1033 4052 Por
1043 4004 1084 4052 the
1095 4005 1225 4067 expression
1236 4007 1366 4067 cp.‘Quitu

185 4069 249 4124 dom,
263 4084 287 4116 aa
300 4068 362 4124 here,
376 4068 433 4116 with
451 4084 481 4115 an
495 4072 622 4118 accusative
636 4085 686 4116 case
701 4069 759 4116 alter
809 4067 864 4115 virl'
875 4069 921 4126 Just
932 4070 1015 4116 below.

187 4133 212 4181 it.
246 4135 298 4194 Cp..
314 4133 429 4187 however,
440 4134 501 4194 Livy
512 4134 535 4180 8.
550 4145 579 4192 13
598 4135 692 4180 'Coacti
705 4133 759 4179 novi
845 4144 882 4178 ao.
900 4133 1045 4189 Invideris,
1058 4141 1119 4196 ‘you
1131 4134 1190 4183 have
1202 4135 1300 4200 grudged
1309 4153 1366 4199 your·

186 4200 289 4246 consules
300 4200 406 4245 omnibus
417 4213 468 4244 eam
480 4212 528 4243 rem
540 4197 666 4257 praeverti)
810 4196 853 4242 seli
863 4196 902 4242 the
916 4198 977 4243 tarne
991 4214 1038 4258 you
1053 4198 1097 4246 had
1111 4199 1237 4256 achieved.'
1258 4201 1324 4251 ‘have
1338 4205 1366 4251 in·

220 4261 244 4311 6.
262 4264 339 4326 Quae
367 4273 413 4310 tua
438 4262 509 4324 iuga.
549 4261 593 4307 We
616 4261 676 4307 leam
699 4261 759 4308 irom
810 4260 906 4307 tersered
918 4261 974 4308 with
986 4278 1044 4324 your
1055 4279 1107 4311 own
1120 4264 1237 4313 iriterests!
