2868 4700
147 256 188 340 76
489 257 540 319 M.
569 255 730 318 TULLII
755 253 1005 319 CICERONIS
1160 269 1357 326 oman-so,

147 415 176 478 is
189 413 243 496 qui
266 415 501 478 auctionaretur
522 425 629 500 posset
651 435 742 479 suurn
760 413 878 479 dicere.
922 416 1094 479 Auctionis
1113 433 1190 477 vero
1210 415 1357 476 misera-

146 516 223 580 bilis
237 515 420 600 adspectus:
440 519 541 581 vestis
555 517 686 602 Pompei
702 537 768 581 non
784 517 885 582 multa
898 537 996 600 eaque
1011 517 1183 600 maculosa,
1198 515 1355 578 eiusdem

145 618 300 700 quaedam
321 629 474 702 argentea
492 641 570 684 vasa
590 622 713 706 collisa,
731 620 892 684 sordidata
913 621 1087 704 mancipia,
1107 628 1143 682 ut
1162 619 1355 682 doleremus

146 719 318 804 quidquam
344 743 413 786 esse
442 743 481 787 ex
505 724 572 787 illis
598 725 753 808 reliquiis,
777 724 860 806 quod
886 723 995 786 videre
1020 740 1192 807 possemus.
1245 720 1353 784 Hanc
1370 741 1419 791 74

118 837 133 890 ⁵
146 834 257 889 tamen
272 827 456 889 auctionem
470 827 602 890 heredes
616 827 651 891 L.
668 826 786 889 Rubrii
796 825 926 890 decreto
939 826 1087 891 Caesaris
1105 826 1352 910 prohibuenrnt.

147 929 311 994 Haerebat
333 929 466 992 nebulo:
489 949 551 1012 quo
572 950 607 993 se
632 938 771 994 verteret
795 949 861 993 non
885 931 1029 992 habebat.
1073 929 1163 1017 Qin
1188 929 1238 993 his
1261 929 1354 1013 ipsis

146 1037 342 1119 temporibus
363 1035 451 1099 domi
476 1036 624 1102 Caesaris
650 1056 814 1121 percussor
838 1037 878 1100 ab
902 1038 966 1101 isto
991 1038 1107 1100 missus
1130 1037 1353 1120 deprehensus

147 1138 311 1201 dicebatur
335 1157 404 1201 esse
428 1157 501 1203 cum
523 1140 609 1202 sica:
632 1139 671 1202 de
693 1159 756 1222 quo
777 1139 897 1204 Caesar
918 1139 955 1202 in
977 1150 1091 1203 senatu
1116 1147 1224 1223 aperte
1248 1141 1286 1202 in
1312 1149 1352 1200 te

148 1241 304 1304 invehens
325 1251 455 1324 questus
476 1230 551 1306 est'
578 1241 791 1305 Proficiscitur
813 1245 848 1305 in
861 1243 1062 1326 -Hispaniam
1080 1243 1211 1326 Caesar,
1232 1243 1351 1325 paucis

104 1366 134 1402 ιο
147 1346 209 1407 tibi
231 1344 270 1407 ad
292 1345 480 1408 solvendum
502 1356 630 1429 propter
652 1347 797 1429 inopiam
816 1354 902 1409 tuam
926 1347 1101 1430 prorogatis
1119 1346 1240 1409 diebus.
1287 1346 1350 1409 Ne

23 1443 26 1448 ’
147 1456 218 1510 tum
243 1446 373 1528 quidem
399 1449 550 1531 sequeris.
603 1448 689 1511 Tam
716 1449 818 1512 bonus
847 1447 1005 1531 gladiator
1028 1449 1137 1512 rudem
1161 1459 1229 1512 tam
1251 1451 1351 1514 cito?

148 1551 247 1614 Hunc
262 1553 360 1634 igitur
379 1553 557 1634 quisquam,
571 1552 626 1632 qui
643 1553 678 1612 in
696 1552 762 1614 suis
776 1553 930 1636 partibus,
946 1552 978 1615 id
1001 1561 1050 1616 est
1069 1554 1105 1615 in
1122 1555 1188 1617 suis
1206 1553 1350 1617 iomanis

149 1663 217 1716 tam
232 1653 365 1716 timidus
379 1652 488 1735 fuerit,
503 1655 732 1736 pertimescat?

193 1754 356 1818 Profectus
376 1763 425 1818 est
441 1754 611 1838 aliquando
629 1755 759 1818 tandem
782 1757 818 1818 in
833 1757 1040 1842 Hispaniam,
1055 1757 1111 1822 sed
1131 1766 1214 1843 tut0,
1229 1769 1264 1824 ut
1283 1759 1348 1842 ait,
1365 1758 1428 1824 30

106 1877 135 1928 ¹⁵
151 1859 316 1942 pervenire
338 1877 403 1920 non
422 1860 538 1941 potuit.
582 1860 733 1945 Qanam
753 1860 850 1923 modo
867 1862 966 1943 igitur
982 1861 1152 1926 Dolabella
1172 1866 1347 1946 pervenit?
1362 1881 1404 1930 ‘15

151 1962 219 2024 Aut
234 1980 299 2023 non
314 1962 517 2045 suscipienda
531 1961 593 2025 fuit
610 1964 673 2025 ista
692 1983 798 2046 causa,
813 1964 951 2048 Antoni,
964 1974 1032 2049 aut,
1048 1985 1121 2028 cum
1140 1968 1347 2051 suscepisses

151 2063 352 2126 defendenda
379 2084 477 2147 usque
506 2064 545 2128 ad
573 2075 760 2130 extremum.
814 2065 881 2129 Ter
903 2066 1099 2151 depugnavit
1124 2068 1245 2134 Caesar
1272 2091 1349 2134 cum

151 2167 288 2250 civibus,
318 2168 353 2228 in
383 2167 564 2252 Thessalia,
594 2168 717 2252 Africa,
746 2169 917 2253 Hispania.
974 2170 1135 2235 Omnibus
1164 2173 1268 2236 adfuit
1296 2175 1350 2238 his

152 2271 267 2354 pugnis
290 2269 480 2333 Dolabella:
506 2272 542 2333 in
563 2271 777 2354 Hispaniensi
801 2273 902 2335 etiam
928 2272 1043 2336 vulnus
1059 2277 1204 2360 accepit.
1246 2277 1280 2341 Si
1307 2279 1348 2342 de

107 2395 139 2432 ιο
152 2393 225 2438 meo
239 2373 360 2437 iudicio
374 2374 511 2458 quaeris,
526 2373 667 2456 nollem3
688 2373 744 2438 sed
758 2383 869 2438 tamen
889 2376 1061 2440 consilium
1080 2397 1100 2442 a
1118 2381 1223 2463 primo
1242 2399 1349 2464 repre-

187 2578 209 2613 a.
226 2565 387 2626 adspectus,
411 2563 501 2628 though
517 2579 581 2611 more
592 2564 724 2625 commonly
774 2563 917 2612 hadeasned
930 2565 990 2612 their
1000 2567 1105 2626 pensiori.
1137 2569 1179 2629 Cp.
1192 2568 1313 2630 Hor.Epp.
1325 2581 1347 2619 1.

150 2631 284 2692 subjective,
297 2631 314 2676 is
327 2629 447 2677 elsewhere
464 2631 518 2677 used
536 2629 682 2690 objectively.
700 2629 728 2676 ol
777 2631 982 2691 1.a·Spectatum
993 2631 1055 2687 satis.
1070 2641 1095 2680 et
1106 2633 1218 2682 donatum
1233 2635 1279 2681 iam
1290 2637 1346 2682 rude

151 2696 192 2744 the
208 2710 346 2757 appearance
363 2695 391 2742 ol
409 2695 449 2742 the
466 2695 543 2755 object
559 2695 633 2758 gaaed
655 2709 725 2754 upon.
775 2695 884 2756 quaeris;'
901 2695 1049 2758 Juv.7.171
1069 2697 1144 2762 ‘Ergo
1160 2700 1202 2746 albi
1219 2699 1283 2746 dabit
1298 2701 1346 2761 ipse

151 2762 195 2822 Cp.
206 2763 258 2810 Cat.
269 2776 293 2821 4.
305 2758 365 2815 6.ss
380 2761 500 2808 'Versatur
517 2761 574 2806 mihi
585 2769 638 2806 ante
647 2759 725 2806 oculos
774 2761 853 2808 rudem
862 2762 876 2815 ;'
893 2761 937 2808 and
955 2761 1025 2808 Mart.
1041 2775 1064 2822 3.
1082 2761 1122 2822 36,
1142 2775 1171 2811 ιο
1188 2765 1235 2811 ‘Ut
1246 2767 1347 2812 nondum

152 2835 255 2887 aspectus
266 2825 365 2889 Cethegi
375 2827 389 2882 ς’
400 2826 445 2872 and
457 2827 485 2873 de
497 2825 552 2872 Nat.
565 2825 635 2872 Deor.
648 2837 670 2872 a.
683 2821 724 2884 63,
774 2827 851 2873 credas
868 2841 905 2874 me
928 2827 1037 2874 memisse
1056 2827 1152 2876 rodan!
1192 2829 1259 2877 Some
1281 2830 1347 2878 MSS.

155 2889 200 2951 158
214 2893 354 2937 ‘Pomorum
372 2891 481 2937 iucundus
497 2891 614 2950 aspectus!
649 2890 725 2937 ‘Con
775 2891 834 2937 have
856 2891 949 2938 ‘rudem
972 2893 1093 2952 accepisti‚'
1115 2895 1157 2941 bnt
1185 2894 1225 2942 the
1246 2897 1300 2942 verb
1328 2899 1346 2944 is

151 2956 256 3016 spectus:
268 2970 298 3002 on
310 2955 350 3002 the
360 2955 428 3001 other
438 2954 507 3008 baud.
519 2969 592 3001 seems
603 2954 688 3016 always
698 2963 724 3002 to
773 2956 1070 3020 wmtingmffleVatican
1087 2958 1138 3006 MS.
1171 2959 1212 3006 See
1228 2973 1258 3006 on
1275 2975 1295 3006 c.
1309 2974 1345 3024 ¹9·

152 3021 181 3066 be
201 3019 332 3080 subjective.
350 3020 377 3066 ol
391 3019 431 3066 the
448 3027 485 3065 act
501 3020 529 3066 ol'
542 3017 646 3081 looking.
683 3019 724 3066 See
775 3020 822 3082 483
839 3023 884 3068 and
897 3022 932 3070 lor
939 3021 979 3068 the
987 3031 1046 3068 term
1059 3023 1208 3087 gladiator
1219 3039 1244 3072 as
1258 3027 1346 3086 applied

154 3084 251 3146 Madvig
262 3098 293 3129 on
304 3084 354 3132 Cic.
366 3084 416 3132 Fin.
428 3094 450 3144 5.
467 3080 503 3138 18,
513 3085 554 3145 48.
775 3093 801 3133 to
812 3089 916 3148 Antony,
928 3101 964 3147 cp.
976 3095 998 3148 7.
1011 3083 1035 3143 6,
1049 3097 1087 3149 17.

187 3160 210 3208 3.
228 3147 375 3196 Sordidata
395 3148 542 3208 mancipia.
559 3156 586 3196 ‘a
598 3149 643 3196 lew
654 3149 724 3196 slaves
810 3161 848 3198 ra.
866 3152 896 3198 ln
924 3153 980 3199 suis
1006 3153 1141 3212 partibus.
1170 3155 1209 3201 ‘in
1230 3154 1346 3220 following

153 3213 177 3260 in
194 3227 262 3258 mean
279 3214 369 3272 apparel
375 3211 390 3268 ς’
408 3213 544 3274 ‘mancipia'
560 3215 629 3278 being
646 3213 725 3261 ‘chat
775 3214 815 3262 the
828 3215 931 3264 sonunes
947 3217 975 3264 of
988 3215 1024 3263 his
1034 3227 1108 3281 party,
1119 3218 1210 3283 though
1226 3219 1282 3282 they
1294 3237 1346 3268 oon·

153 3277 210 3333 tels,'
229 3285 302 3338 'quae
324 3279 371 3325 lure
387 3279 486 3339 mancipi
505 3280 664 3340 possidentur‚'
680 3279 725 3325 and
775 3282 823 3328 tain
835 3281 871 3329 his
881 3283 936 3345 only
947 3296 1026 3329 source
1037 3283 1065 3329 ol
1072 3284 1170 3332 wealth!

152 3342 273 3404 especially
294 3341 364 3407 living
385 3342 490 3399 chattels‚
512 3359 538 3391 or
560 3345 638 3393 slaves.
682 3343 725 3405 Cp.
807 3360 841 3394 oc.
854 3357 893 3406 30.
906 3359 945 3408 31.
965 3345 1059 3394 aaron
1079 3349 1179 3409 Aaron.
1202 3351 1262 3410 aster
1282 3353 1346 3400 meh

154 3408 235 3455 Parad.
246 3418 269 3468 5.
287 3418 309 3463 1,
324 3417 355 3469 35
374 3408 442 3456 ‘Non
461 3410 523 3455 enim
542 3409 573 3456 ita
590 3410 669 3456 dicunt
686 3423 726 3457 eos
775 3409 849 3470 lislay,
857 3411 972 3473 proposed
986 3421 1009 3459 to
1017 3412 1104 3472 follow
1119 3414 1175 3471 nm,
1193 3415 1232 3461 hat
1246 3415 1348 3480 onlygot

153 3487 201 3520 esse
213 3488 295 3528 servos.
307 3481 333 3520 nt
344 3471 465 3534 mancipia.
477 3489 535 3535 quae
552 3483 605 3522 sunt
621 3473 727 3521 domino·
776 3490 802 3522 ns
807 3476 854 3536 far
864 3491 890 3523 as
901 3477 992 3531 Narbo,
1003 3476 1098 3542 leming
1113 3479 1234 3528 Dolabella
1250 3489 1273 3527 to
1281 3481 1346 3546 fight

152 3553 204 3588 tum
215 3538 276 3585 lacta
286 3552 347 3585 nexo
358 3547 398 3586 ant
409 3539 485 3600 aliquo
495 3538 543 3586 iure
554 3539 630 3586 civili:
775 3540 810 3588 lia
821 3541 899 3589 boteler
908 3541 953 3602 sor
968 3541 1024 3598 him,
1035 3559 1089 3590 suan
1104 3546 1199 3608 agaim
1214 3545 1250 3592 the
1264 3561 1313 3594 sons
1323 3549 1352 3609 os

188 3617 211 3663 5.
233 3603 261 3650 l..
284 3603 382 3650 Rubrii
410 3603 533 3651 heredes.
577 3605 619 3651 See
646 3619 667 3650 c.
689 3600 727 3659 16,
776 3606 884 3667 Pomm,
899 3607 950 3654 who
971 3621 1030 3654 were
1046 3609 1137 3674 secking
1153 3619 1176 3657 to
1192 3612 1346 3675 regalnsrom

154 3681 195 3728 40.
228 3667 281 3714 The
303 3667 392 3728 injured
408 3668 468 3715 heirs
484 3669 596 3731 probably
613 3666 672 3716 took
687 3667 727 3715 ffle
776 3670 823 3717 bins
834 3671 891 3719 their
901 3672 946 3720 lost
960 3673 1105 3724 taletense.
1138 3676 1211 3723 From
1227 3676 1306 3724 Narro
1321 3679 1346 3725 ln

154 3733 302 3796 opportunity
314 3734 341 3780 of
349 3735 462 3797 Antony's
475 3735 576 3798 disgrace
594 3743 620 3780 to
635 3735 680 3796 beg
692 3733 727 3780 tor
776 3738 891 3793 nomed,
903 3736 931 3797 ly
941 3738 1015 3800 night,
1032 3740 1056 3786 in
1073 3750 1131 3789 most
1146 3741 1263 3800 mnuortly
1277 3743 1345 3806 galee,

154 3797 255 3846 Caesar's
277 3799 433 3846 interserenee.
477 3799 545 3848 Some
562 3800 590 3847 of
603 3799 663 3846 their
676 3811 728 3858 pro·
777 3800 897 3868 olorming
907 3802 942 3850 oll
952 3804 988 3850 tln
1003 3805 1053 3864 city,
1065 3807 1113 3854 thur
1127 3805 1155 3853 hs
1170 3805 1245 3870 might
1254 3809 1346 3868 nrprrse

153 3871 228 3924 perty,
238 3877 272 3909 we
283 3877 338 3925 may
346 3879 449 3926 suppose,
455 3879 502 3912 vras
510 3865 584 3913 added
596 3864 628 3926 by
634 3866 730 3926 antony
777 3865 813 3913 his
823 3868 882 3928 wife,
894 3869 944 3915 aad
953 3882 1006 3914 snae
1021 3869 1056 3917 lis
1071 3871 1237 3932 mnasmm
1254 3887 1283 3918 nra
1298 3888 1344 3920 eae·

155 3928 228 3975 tothe
240 3927 292 3975 sale.
777 3933 853 3980 catinis
863 3949 894 3980 nn
904 3933 962 3980 theri·
968 3941 1083 3994 propaety.

197 4006 221 4056 9.
238 3993 433 4040 Proficiscitur
479 3995 505 4041 ln
551 3995 725 4056 Hispaniam.
813 4006 852 4059 17.
868 3997 923 4046 Ter
942 3999 1111 4064 depugnavit
1130 4001 1238 4050 Caesar.
1270 4001 1343 4051 Seeon

155 4057 235 4105 About
255 4058 294 4105 me
316 4059 361 4104 end
376 4058 404 4106 ol
422 4055 455 4121 46
473 4060 542 4116 B.C..
561 4069 586 4107 to
604 4061 670 4108 much
685 4061 726 4107 the
775 4076 796 4108 c.
810 4072 848 4124 15.
860 4072 901 4124 37.

154 4123 276 4170 resistance
290 4123 318 4168 oi
330 4124 374 4172 Cn.
391 4123 436 4170 and
453 4124 516 4173 Sext
532 4127 661 4185 Pompeius.
811 4138 849 4174 ao.
866 4127 983 4184 Nollem.
1007 4130 1031 4176 'l
1059 4129 1136 4178 would
1164 4130 1194 4180 he
1220 4133 1267 4181 had
1291 4135 1343 4181 bem

191 4200 229 4236 11.
245 4189 360 4236 Rudent.
404 4187 458 4234 The
479 4191 547 4236 wand
569 4189 625 4236 with
652 4189 728 4236 which
777 4191 872 4238 absent.'

155 4253 276 4316 gladiatore
293 4253 346 4299 who
362 4252 408 4299 had
425 4253 504 4298 served
521 4251 580 4299 their
596 4253 653 4300 time
670 4268 730 4300 were
811 4257 833 4301 Α
846 4256 943 4316 primo.
961 4259 1037 4306 ‘from
1049 4259 1088 4307 abe
1099 4261 1197 4308 outsetz'
1219 4277 1255 4324 cp.
1266 4263 1311 4312 nn.
1321 4277 1342 4324 q.

155 4317 273 4378 presented
285 4319 317 4378 by
328 4317 368 4366 the
378 4324 478 4378 praetor,
490 4315 513 4362 in
524 4315 596 4363 token
614 4317 665 4365 that
676 4316 730 4377 they
779 4315 803 4372 6.
815 4329 830 4380 5
842 4319 919 4368 ‘Tuas
930 4337 989 4369 nunc
1000 4323 1106 4384 epistolar
1117 4341 1130 4372 a
1141 4327 1217 4387 primo
1228 4329 1293 4391 lego?

398 4612 536 4674 A.
