2970 4700
156 291 186 352 is
199 289 313 338 ss-so.
442 279 612 340 onrrro
640 279 920 342 Parammon
947 279 1053 341 nris.
1287 295 1346 363 301

154 439 322 524 praeclare.
366 437 399 502 Si
423 440 511 502 enim
534 438 590 500 ille
612 439 734 522 patriae
757 457 880 523 parens,
901 447 936 502 ut
958 449 993 502 tu
1016 438 1259 523 appellas-ego
1276 439 1353 520 quid

154 543 294 608 sentiam
318 540 484 626 videro—,
508 561 562 604 cur
586 561 652 604 non
674 541 729 606 hic
750 561 863 626 parens
885 543 1001 626 verior,
1021 562 1041 605 a
1061 561 1124 624 quo
1145 551 1231 605 certe
1250 542 1353 606 vitam

154 647 306 708 habemus
335 665 354 707 e
383 646 448 708 tuis
478 644 759 709 facinerosissimis
789 647 936 709 manibus
966 647 1136 730 ereptam?
1166 645 1203 709 id
1233 664 1353 728 agere,

154 759 195 812 ut
224 749 305 810 iure
341 747 535 812 damnatus
571 751 622 812 sit
652 748 1044 833 Dolabella-Turpem
1074 769 1150 812 vero
1179 750 1353 831 actionem,

155 871 217 934 qua
239 850 420 915 defenditur
445 850 636 936 amplissimi
661 855 833 917 auctoritas
859 851 982 916 ordinis
1006 861 1116 916 eontra
1142 851 1382 918 crudelissimis

156 955 340 1039 gladiatoris
365 955 542 1017 amentiam
554 955 642 1019 l-et
666 965 704 1018 ut
731 956 904 1019 venefica
932 956 1023 1019 haec
1050 956 1231 1018 liberetur
1256 955 1355 1018 obsi-

156 1058 279 1120 dione.
325 1055 509 1121 Veneficam
535 1057 631 1121 audes
656 1058 815 1143 appellare
844 1077 918 1122 eum
944 1059 1060 1141 virum,
1086 1059 1146 1141 qui,
1167 1061 1233 1122 tuis
1259 1077 1356 1120 vene-

156 1161 238 1225 ficiis
268 1160 410 1223 remedia
435 1162 589 1225 invenit?
619 1180 714 1243 quem
744 1162 792 1224 ita
820 1162 960 1245 obsides,
986 1181 1069 1224 nove
1096 1161 1274 1245 Hannibal,
1301 1171 1355 1224 aut

156 1265 271 1348 siquis
288 1266 411 1328 acutior
431 1266 604 1347 imperator
617 1264 690 1350 fuit,
706 1273 742 1328 ut
760 1275 794 1327 te
809 1266 879 1349 ipse
898 1265 1057 1348 obsideas,
1073 1283 1175 1347 neque
1193 1274 1227 1328 te
1246 1267 1355 1348 istinc,

157 1369 184 1430 si
215 1367 333 1450 cupias,
367 1366 469 1452 possis
501 1367 669 1450 explicare.
728 1366 924 1452 RecesseriS,
957 1365 1096 1450 undique
1124 1387 1237 1430 omnes
1269 1370 1356 1430 inse·
1369 1397 1401 1432 ιο

157 1481 312 1554 quentur:
334 1471 501 1553 manseris,
516 1470 671 1533 haerebis.
715 1470 885 1534 Nimirum
905 1481 991 1533 recte
1010 1470 1184 1534 veneficam
1204 1470 1355 1554 appellas,

4 1585 12 1622 ῑ
105 1590 177 1638 aaa
204 1592 268 1655 quo
293 1573 354 1636 tibi
385 1582 586 1657 praesentem
619 1581 743 1658 pestem
775 1573 865 1636 vides
900 1581 1123 1657 comparatam.
1172 1584 1212 1636 ut
1247 1591 1356 1656 quam

158 1676 446 1760 potentissimus
474 1677 527 1739 sit
556 1676 712 1741 Cassius
741 1686 852 1758 atque
883 1675 1025 1739 brutus.
1078 1675 1173 1740 Putes
1203 1675 1357 1741 Censori-

158 1799 235 1842 num
255 1779 361 1843 dicere
378 1789 433 1842 aut
447 1778 638 1842 Ventidium
658 1780 827 1842 autetiam
847 1782 934 1863 ipsos
949 1780 1120 1844 Antonios.
1164 1779 1231 1844 Osr
1247 1789 1356 1843 autem

158 1883 264 1947 nolint
294 1891 442 1966 potentes
469 1903 538 1945 esse
569 1901 634 1944 non
662 1881 757 1946 modo
785 1885 924 1967 optimos
953 1893 986 1947 et
1013 1883 1232 1946 nobilissimos
1258 1884 1399 1966 viros,15

157 1985 213 2051 sed
239 2005 348 2050 secum
373 1987 473 2049 etiarn
504 1987 538 2048 in
565 1987 611 2048 rei
643 1985 787 2069 publicae
812 1985 1001 2050 defensione
1030 1988 1243 2051 coniunctos?
1287 1985 1357 2048 Ni-

158 2091 291 2154 mirum
329 2089 456 2152 eodem
500 2089 607 2152 modo
645 2090 736 2152 haec
775 2089 990 2174 adspicitiS,
1028 2100 1066 2154 ut
1103 2093 1356 2175 priora-quae

98 2188 480 2258 12tandemi-castra
508 2190 658 2276 Pompei
688 2203 858 2256 senatum
888 2193 1148 2277 appellabatis.
1202 2196 1255 2257 An
1281 2213 1357 2256 vero

157 2307 214 2362 tua
238 2306 342 2360 castra
367 2297 473 2379 potius
499 2304 647 2358 senatum
672 2294 926 2378 appellaremus?
957 2298 992 2359 in
1016 2297 1129 2379 quibus
1151 2307 1187 2359 tu
1211 2317 1245 2359 es
1268 2296 1357 2360 vide-

158 2401 236 2466 licet
261 2397 448 2481 consularis,
474 2399 564 2461 cuius
591 2407 676 2461 totus
701 2398 883 2462 consulatus
913 2408 962 2462 est
988 2419 1027 2462 ex
1055 2403 1145 2462 omni
1175 2402 1357 2464 monimen·
1371 2428 1403 2464 so

158 2514 264 2568 torum
294 2502 450 2565 memoria
479 2500 628 2564 evulsus:
665 2500 728 2564 duo
762 2511 933 2585 praetores,
962 2503 1034 2566 sine
1069 2521 1162 2566 causa
1195 2503 1291 2567 diffisi
1321 2525 1357 2568 se

158 2605 279 2691 aliquid
315 2605 503 2686 habituros,
547 2623 605 2666 nos
642 2606 730 2667 enim
760 2604 908 2670 Caesaris
945 2604 1100 2670 beneficia
1132 2607 1357 2672 defendimus:

158 2710 309 2794 praetorii
340 2706 561 2792 Philadelphus
594 2706 722 2771 Annius
758 2717 791 2770 et
828 2709 984 2792 innocens
1021 2707 1170 2774 Gallius:
1213 2710 1357 2775 aedilicii

195 2957 217 2994 ῐ.
241 2946 277 2993 Ut
306 2954 334 2993 tu
366 2945 497 3006 appellas,
525 2949 567 2990 ‘to
595 2943 667 3006 adopt
694 2943 735 2990 the
785 2942 973 3007 campaigm'as
991 2945 1099 3007 formerly
1110 2961 1140 3008 ye
1151 2947 1206 2994 used
1217 2955 1243 2993 to
1254 2947 1306 3012 give
1318 2948 1360 2997 the

159 3010 211 3058 title
222 3011 299 3058 which
310 3025 357 3072 you
366 3011 417 3074 give
429 3010 477 3056 him
485 3009 499 3064 ς’
510 3025 545 3070 cp.
558 3009 621 3058 Fam.
637 3021 674 3056 aa.
682 3022 707 3068 3,
722 3021 732 3055 1
784 3023 853 3056 name
864 3009 892 3055 of
901 3018 977 3058 senate
988 3019 1014 3056 to
1025 3010 1065 3057 the
1076 3025 1144 3072 camp
1155 3012 1183 3059 of
1191 3013 1309 3075 Pompey!

137 3075 143 3082 '
161 3075 204 3124 'ln
215 3085 289 3124 statua
301 3091 372 3138 quam
389 3076 466 3137 posuit
483 3076 507 3122 in
518 3075 609 3123 Rostris
621 3073 735 3136 inscripsit
818 3089 852 3122 sc.
872 3086 959 3137 12-14.
983 3075 1020 3122 Hs
1037 3075 1138 3124 cauillari
1152 3086 1178 3123 at
1194 3078 1230 3124 iba
1248 3093 1315 3125 annae
1334 3079 1364 3140 ns

161 3139 282 3190 Passum
295 3154 395 3188 ornus
411 3140 531 3190 uranico)
784 3140 996 3201 mmanpplr'sd
1011 3142 1258 3203 roPompry'rcamp,·
1275 3145 1362 3203 crisis

193 3220 217 3269 4.
235 3208 391 3254 Damnatus
410 3207 454 3260 sit,
471 3205 524 3261 dcc..
540 3203 607 3252 ‘that
623 3204 664 3252 the
681 3217 737 3252 con·
784 3205 1150 3267 memorsnpproprintatobia
1160 3209 1361 3262 orsmwbicbbnd
1432 3263 1435 3270 ⁴

161 3273 295 3319 damnation
306 3273 335 3318 of
342 3272 461 3319 Dolabella
473 3286 528 3334 may
539 3285 623 3333 appear
638 3279 664 3318 tu
675 3270 736 3317 hare
785 3269 867 3318 indeed
876 3271 1057 3332 representation
1068 3269 1098 3332 ns
1103 3286 1167 3331 every
1177 3273 1245 3333 runi,
1257 3273 1359 3323 bussuli

161 3337 303 3402 beenlegaL'
785 3335 879 3396 ostiam
891 3351 906 3382 α
917 3336 1360 3400 drtgraoenurrantaereprmnred.

196 3403 316 3464 Turperu
363 3404 510 3451 actionem.
561 3401 603 3449 See
641 3417 673 3449 on
712 3413 736 3462 3.
786 3401 945 3463 lnlbscamp
961 3402 992 3462 os
1002 3403 1278 3464 Pumpsmrstbaseber
1288 3405 1359 3462 baad,

164 3479 202 3524 ιο,
221 3465 259 3516 2⁶.
786 3465 821 3514 tbs
831 3466 948 3514 mutan
959 3467 1026 3514 ulons
1041 3483 1099 3514 um
1115 3477 1150 3514 ten
1162 3470 1185 3516 in
1197 3469 1299 3526 nemim
1312 3471 1361 3519 aad

194 3529 218 3581 6.
245 3533 383 3580 Venefica
418 3533 494 3582 haec.
543 3531 596 3580 The
629 3531 737 3579 feminine
787 3532 952 3593 meansarlr
969 3541 1052 3594 reputa.
1072 3534 1235 3582 thatthaeus
1253 3537 1360 3583 sarviuur

162 3599 222 3646 form
238 3599 370 3662 expresaing
387 3606 514 3658 contempt.
548 3598 590 3659 Cp.
607 3597 660 3646 Sall.
677 3597 737 3646 illst.
785 3596 836 3645 bad
849 3596 945 3660 safficed
957 3606 981 3645 tn
997 3598 1064 3646 msa
1080 3597 1180 3659 Antony.
1196 3599 1263 3648 while
1273 3615 1362 3665 sprung

162 3665 190 3714 fr.
203 3665 276 3726 148.
289 3677 317 3712 ar
336 3663 460 3719 ‘Fufidius
475 3662 556 3710 ansilla
573 3663 652 3722 turpis,
663 3662 738 3710 hono·
786 3661 822 3710 rte
843 3661 907 3709 siber·
927 3671 1029 3710 unntors
1052 3671 1143 3724 pressat
1164 3679 1223 3712 were
1242 3666 1324 3727 found
1344 3682 1360 3713 a

162 3743 212 3778 runa
224 3731 329 3778 omnium
341 3729 587 3777 dehonestamentum!
786 3727 894 3788 majority
911 3728 941 3788 os
956 3727 991 3776 rbs
1011 3743 1061 3776 msa
1084 3730 1107 3777 in
1129 3729 1218 3794 highest
1236 3740 1313 3779 sanem
1335 3741 1361 3779 st

196 3805 235 3843 ro.
253 3796 420 3844 Recesseris.
454 3793 496 3840 See
507 3808 538 3840 on
552 3805 589 3841 ιι.
601 3791 625 3848 8,
639 3807 676 3857 ¹9·
786 3793 868 3840 Rome.

198 3869 234 3921 ιγ.
253 3862 289 3908 Ut
309 3861 410 3921 priora.
444 3857 641 3906 Manutiustakes
654 3857 699 3906 this
711 3866 737 3904 to
821 3869 859 3904 at.
879 3859 939 3906 Duo
957 3869 1106 3920 praetores.
1118 3860 1363 3912 P.VentidiusBassus

161 3927 251 3980 be‚¹as
262 3940 321 3988 your
332 3927 418 3972 former
428 3923 737 3987 condominaidingthoss
786 3923 832 3970 and
849 3921 876 3971 L.
895 3923 994 3970 Marcius
1011 3924 1156 3974 Censorinus.
1189 3927 1231 3974 See
1244 3941 1281 3976 aa.
1294 3927 1317 3983 ⁸,
1330 3940 1362 3976 ao

161 3990 217 4037 who
231 3991 309 4038 would
325 3990 399 4038 check
414 3990 490 4037 suein
505 3991 620 4054 avenging
634 3988 737 4037 Caesar'a
786 3997 849 4035 note.

162 4056 254 4111 death;'
279 4057 322 4103 bnt
341 4069 367 4102 so
385 4055 426 4102 the
443 4055 561 4118 following
578 4055 653 4102 words
670 4069 736 4101 come
822 4054 885 4102 Sine
913 4071 992 4103 causa
1022 4057 1121 4106 diffisi.
1161 4057 1261 4104 Cicero's
1285 4071 1362 4104 mean·

162 4120 428 4234 pibpmpthpwhmrdly,
450 4121 496 4167 and
518 4120 536 4168 it
559 4121 664 4232 istprpre
680 4135 738 4232 ppo:
787 4119 930 4232 22⁸·i⁸·thn
946 4121 1094 4234 tbeyhjioiped
1111 4122 1206 4234 Appiopray
1216 4131 1363 4234 tobperneserrfe

162 4195 739 4314 ,2210„ttof'gsssstvffi'ffikffofpffipeyss
789 4195 1050 4313 asmansstefaefg'zncce
1073 4201 1280 4300 t'fszusenattehad
1308 4203 1363 4300 etr:

161 4319 203 4365 but
215 4315 349 4382 comparing
361 4317 401 4364 the
411 4317 544 4379 expedition
551 4317 588 4380 {of
595 4316 682 4363 llirtius
693 4316 738 4362 and
788 4315 868 4364 lirmed
880 4317 920 4363 the
930 4317 985 4380 gitis
996 4318 1025 4364 of
1032 4318 1123 4366 Caesar.

162 4383 236 4431 Pansa
254 4382 312 4430 with
328 4383 450 4445 Pompey‘s
469 4381 616 4430 well-lusorio
633 4381 740 4445 previous
824 4393 861 4443 η.
874 4381 1072 4444 Philadelphus
1095 4384 1211 4444 Annius,
1228 4384 1256 4432 C.
1275 4383 1364 4432 Annius

1348 4611 1475 4676 Δ
