<?xml version="1.0" encoding="UTF-8"?>
<!DOCTYPE html PUBLIC "-//W3C//DTD XHTML 1.0 Transitional//EN"
    "http://www.w3.org/TR/xhtml1/DTD/xhtml1-transitional.dtd">
<html xmlns="http://www.w3.org/1999/xhtml" xml:lang="en" lang="en">
 <head>
  <title>
</title>
<meta http-equiv="Content-Type" content="text/html;charset=utf-8" />
  <meta name='ocr-system' content='tesseract 3.04.00' />
  <meta name='ocr-capabilities' content='ocr_page ocr_carea ocr_par ocr_line ocrx_word'/>
</head>
<body>
  <div class='ocr_page' id='page_1' title='image "./philippicoratio02cicegoog_0221.png"; bbox 0 0 2998 4706; ppageno 0'>
   <div class='ocr_carea' id='block_1_1' title="bbox 147 211 1351 285">
    <p class='ocr_par' dir='ltr' id='par_1_1' title="bbox 147 211 1351 285">
     <span class='ocr_line' id='line_1_1' title="bbox 147 211 1351 285; baseline 0.004 -10"><span class='ocrx_word' id='word_1_1' title='bbox 147 211 210 276; x_wconf 74' lang='lat'>206</span> <span class='ocrx_word' id='word_1_2' title='bbox 487 213 536 274; x_wconf 91' lang='lat' dir='ltr'>M.</span> <span class='ocrx_word' id='word_1_3' title='bbox 568 213 729 274; x_wconf 85' lang='lat' dir='ltr'><em>TULLII</em></span> <span class='ocrx_word' id='word_1_4' title='bbox 758 215 1012 279; x_wconf 86' lang='lat' dir='ltr'><em>CICERONIS</em></span> <span class='ocrx_word' id='word_1_5' title='bbox 1203 245 1248 285; x_wconf 88' lang='lat' dir='ltr'>oe.</span> <span class='ocrx_word' id='word_1_6' title='bbox 1261 229 1351 284; x_wconf 72' lang='grc' dir='ltr'>Η.</span> 
     </span>
    </p>
   </div>
   <div class='ocr_carea' id='block_1_2' title="bbox 145 369 1351 663">
    <p class='ocr_par' dir='ltr' id='par_1_2' title="bbox 145 369 1351 663">
     <span class='ocr_line' id='line_1_2' title="bbox 146 369 1350 456; baseline -0.002 -22"><span class='ocrx_word' id='word_1_7' title='bbox 146 371 360 456; x_wconf 80' lang='lat' dir='ltr'>respondisset</span> <span class='ocrx_word' id='word_1_8' title='bbox 385 369 461 454; x_wconf 92' lang='lat' dir='ltr'>quid</span> <span class='ocrx_word' id='word_1_9' title='bbox 491 370 629 434; x_wconf 78' lang='lat' dir='ltr'>factunrs</span> <span class='ocrx_word' id='word_1_10' title='bbox 655 379 751 454; x_wconf 88' lang='lat' dir='ltr'>esset,</span> <span class='ocrx_word' id='word_1_11' title='bbox 777 387 873 454; x_wconf 91' lang='lat' dir='ltr'>quam</span> <span class='ocrx_word' id='word_1_12' title='bbox 899 391 938 434; x_wconf 86' lang='lat' dir='ltr'>ex</span> <span class='ocrx_word' id='word_1_13' title='bbox 968 372 1025 435; x_wconf 88' lang='lat' dir='ltr'>illa</span> <span class='ocrx_word' id='word_1_14' title='bbox 1050 371 1350 454; x_wconf 79' lang='lat' dir='ltr'>circumscriptione</span> 
     </span>
     <span class='ocr_line' id='line_1_3' title="bbox 145 471 1350 540; baseline -0.002 -5"><span class='ocrx_word' id='word_1_15' title='bbox 145 475 273 538; x_wconf 77' lang='lat' dir='ltr'>exisset.</span> <span class='ocrx_word' id='word_1_16' title='bbox 318 471 499 538; x_wconf 83' lang='lat' dir='ltr'>Praeclare:</span> <span class='ocrx_word' id='word_1_17' title='bbox 522 483 652 538; x_wconf 88' lang='lat' dir='ltr'>senatus</span> <span class='ocrx_word' id='word_1_18' title='bbox 672 475 761 538; x_wconf 91' lang='lat' dir='ltr'>enim</span> <span class='ocrx_word' id='word_1_19' title='bbox 776 475 893 538; x_wconf 89' lang='lat' dir='ltr'>faciem</span> <span class='ocrx_word' id='word_1_20' title='bbox 914 494 1022 539; x_wconf 91' lang='lat' dir='ltr'>secum</span> <span class='ocrx_word' id='word_1_21' title='bbox 1043 476 1194 540; x_wconf 87' lang='lat' dir='ltr'>attulerat</span> <span class='ocrx_word' id='word_1_22' title='bbox 1209 473 1350 537; x_wconf 87' lang='lat' dir='ltr'>auctori-</span> 
     </span>
     <span class='ocr_line' id='line_1_4' title="bbox 145 575 1351 663; baseline -0.002 -23"><span class='ocrx_word' id='word_1_23' title='bbox 145 587 308 660; x_wconf 89' lang='lat' dir='ltr'>tatemque</span> <span class='ocrx_word' id='word_1_24' title='bbox 329 577 436 662; x_wconf 90' lang='lat' dir='ltr'>populi</span> <span class='ocrx_word' id='word_1_25' title='bbox 452 576 615 641; x_wconf 87' lang='lat' dir='ltr'>Romani:</span> <span class='ocrx_word' id='word_1_26' title='bbox 638 579 690 640; x_wconf 90' lang='lat' dir='ltr'>cui</span> <span class='ocrx_word' id='word_1_27' title='bbox 710 580 765 660; x_wconf 94' lang='lat' dir='ltr'>qui</span> <span class='ocrx_word' id='word_1_28' title='bbox 787 598 854 642; x_wconf 90' lang='lat' dir='ltr'>non</span> <span class='ocrx_word' id='word_1_29' title='bbox 875 583 1059 663; x_wconf 88' lang='lat' dir='ltr'>paret‚&#39;non</span> <span class='ocrx_word' id='word_1_30' title='bbox 1082 579 1122 642; x_wconf 89' lang='lat' dir='ltr'>ab</span> <span class='ocrx_word' id='word_1_31' title='bbox 1136 599 1176 641; x_wconf 91' lang='lat' dir='ltr'>eo</span> <span class='ocrx_word' id='word_1_32' title='bbox 1196 575 1351 641; x_wconf 82' lang='lat' dir='ltr'>mandata</span> 
     </span>
    </p>
   </div>
   <div class='ocr_carea' id='block_1_3' title="bbox 102 681 1404 2837">
    <p class='ocr_par' dir='ltr' id='par_1_3' title="bbox 102 681 1404 2837">
     <span class='ocr_line' id='line_1_5' title="bbox 144 681 1404 776; baseline -0.002 -31"><span class='ocrx_word' id='word_1_33' title='bbox 144 681 335 766; x_wconf 83' lang='lat' dir='ltr'>accipienda</span> <span class='ocrx_word' id='word_1_34' title='bbox 354 689 441 766; x_wconf 89' lang='lat' dir='ltr'>sunt,</span> <span class='ocrx_word' id='word_1_35' title='bbox 462 682 518 745; x_wconf 91' lang='lat' dir='ltr'>sed</span> <span class='ocrx_word' id='word_1_36' title='bbox 539 683 606 765; x_wconf 89' lang='lat' dir='ltr'>ipse</span> <span class='ocrx_word' id='word_1_37' title='bbox 627 691 677 744; x_wconf 89' lang='lat' dir='ltr'>est</span> <span class='ocrx_word' id='word_1_38' title='bbox 696 683 801 766; x_wconf 90' lang='lat' dir='ltr'>potius</span> <span class='ocrx_word' id='word_1_39' title='bbox 822 681 1045 767; x_wconf 89' lang='lat' dir='ltr'>repudiandus.</span> <span class='ocrx_word' id='word_1_40' title='bbox 1091 681 1146 744; x_wconf 89' lang='lat' dir='ltr'>An</span> <span class='ocrx_word' id='word_1_41' title='bbox 1168 681 1288 776; x_wconf 29' lang='lat' dir='ltr'>egolab</span> <span class='ocrx_word' id='word_1_42' title='bbox 1307 690 1404 743; x_wconf 73' lang='lat' dir='ltr'>eot4</span> 
     </span>
     <span class='ocr_line' id='line_1_6' title="bbox 116 785 1349 870; baseline -0.002 -22"><span class='ocrx_word' id='word_1_43' title='bbox 116 807 130 856; x_wconf 82' lang='lat'><strong>5</strong></span> <span class='ocrx_word' id='word_1_44' title='bbox 146 785 297 848; x_wconf 88' lang='lat' dir='ltr'>mandata</span> <span class='ocrx_word' id='word_1_45' title='bbox 310 787 502 870; x_wconf 85' lang='lat' dir='ltr'>acciperem,</span> <span class='ocrx_word' id='word_1_46' title='bbox 514 787 568 867; x_wconf 89' lang='lat' dir='ltr'>qui</span> <span class='ocrx_word' id='word_1_47' title='bbox 584 794 714 848; x_wconf 89' lang='lat' dir='ltr'>senatus</span> <span class='ocrx_word' id='word_1_48' title='bbox 729 785 882 849; x_wconf 88' lang='lat' dir='ltr'>mandata</span> <span class='ocrx_word' id='word_1_49' title='bbox 895 786 1138 850; x_wconf 87' lang='lat' dir='ltr'>contemneret?</span> <span class='ocrx_word' id='word_1_50' title='bbox 1160 795 1215 848; x_wconf 91' lang='lat' dir='ltr'>aut</span> <span class='ocrx_word' id='word_1_51' title='bbox 1230 786 1260 847; x_wconf 92' lang='lat' dir='ltr'>ei</span> <span class='ocrx_word' id='word_1_52' title='bbox 1273 803 1349 847; x_wconf 88' lang='lat' dir='ltr'>cum</span> 
     </span>
     <span class='ocr_line' id='line_1_7' title="bbox 145 886 1348 974; baseline -0.004 -22"><span class='ocrx_word' id='word_1_53' title='bbox 145 896 258 952; x_wconf 89' lang='lat' dir='ltr'>senatu</span> <span class='ocrx_word' id='word_1_54' title='bbox 282 889 453 972; x_wconf 89' lang='lat' dir='ltr'>quidquam</span> <span class='ocrx_word' id='word_1_55' title='bbox 483 907 655 952; x_wconf 88' lang='lat' dir='ltr'>commune</span> <span class='ocrx_word' id='word_1_56' title='bbox 680 888 867 974; x_wconf 84' lang='lat' dir='ltr'>iudicarem,</span> <span class='ocrx_word' id='word_1_57' title='bbox 896 890 951 972; x_wconf 93' lang='lat' dir='ltr'>qui</span> <span class='ocrx_word' id='word_1_58' title='bbox 983 890 1209 974; x_wconf 87' lang='lat' dir='ltr'>imperatorem</span> <span class='ocrx_word' id='word_1_59' title='bbox 1238 886 1348 969; x_wconf 92' lang='lat' dir='ltr'>populi</span> 
     </span>
     <span class='ocr_line' id='line_1_8' title="bbox 145 989 1350 1077; baseline -0.001 -23"><span class='ocrx_word' id='word_1_60' title='bbox 145 989 287 1055; x_wconf 89' lang='lat' dir='ltr'>Romani</span> <span class='ocrx_word' id='word_1_61' title='bbox 300 1002 414 1055; x_wconf 89' lang='lat' dir='ltr'>senatu</span> <span class='ocrx_word' id='word_1_62' title='bbox 428 993 619 1076; x_wconf 86' lang='lat' dir='ltr'>prohibente</span> <span class='ocrx_word' id='word_1_63' title='bbox 633 993 817 1058; x_wconf 81' lang='lat' dir='ltr'>obsideret?</span> <span class='ocrx_word' id='word_1_64' title='bbox 855 994 901 1058; x_wconf 86' lang='lat' dir='ltr'>At</span> <span class='ocrx_word' id='word_1_65' title='bbox 910 1013 990 1077; x_wconf 91' lang='lat' dir='ltr'>quae</span> <span class='ocrx_word' id='word_1_66' title='bbox 1002 991 1170 1056; x_wconf 89' lang='lat' dir='ltr'>mandata!</span> <span class='ocrx_word' id='word_1_67' title='bbox 1188 1008 1250 1075; x_wconf 91' lang='lat' dir='ltr'>qua</span> <span class='ocrx_word' id='word_1_68' title='bbox 1261 1011 1350 1054; x_wconf 73' lang='lat' dir='ltr'>arro</span> 
     </span>
     <span class='ocr_line' id='line_1_9' title="bbox 142 1093 1349 1181; baseline -0.002 -23"><span class='ocrx_word' id='word_1_69' title='bbox 142 1094 268 1179; x_wconf 86' lang='lat' dir='ltr'>gantia!</span> <span class='ocrx_word' id='word_1_70' title='bbox 282 1113 345 1178; x_wconf 92' lang='lat' dir='ltr'>quo</span> <span class='ocrx_word' id='word_1_71' title='bbox 356 1095 496 1178; x_wconf 86' lang='lat' dir='ltr'>stupore!</span> <span class='ocrx_word' id='word_1_72' title='bbox 511 1115 575 1178; x_wconf 95' lang='lat' dir='ltr'>quo</span> <span class='ocrx_word' id='word_1_73' title='bbox 585 1097 712 1179; x_wconf 88' lang='lat' dir='ltr'>spiritu!</span> <span class='ocrx_word' id='word_1_74' title='bbox 742 1096 810 1161; x_wconf 87' lang='lat' dir='ltr'>Cur</span> <span class='ocrx_word' id='word_1_75' title='bbox 817 1105 925 1160; x_wconf 88' lang='lat' dir='ltr'>autem</span> <span class='ocrx_word' id='word_1_76' title='bbox 937 1116 975 1160; x_wconf 90' lang='lat' dir='ltr'>ea</span> <span class='ocrx_word' id='word_1_77' title='bbox 986 1097 1101 1181; x_wconf 89' lang='lat' dir='ltr'>legatis</span> <span class='ocrx_word' id='word_1_78' title='bbox 1114 1097 1232 1159; x_wconf 90' lang='lat' dir='ltr'>nostris</span> <span class='ocrx_word' id='word_1_79' title='bbox 1239 1093 1349 1177; x_wconf 78' lang='lat' dir='ltr'>dabat,</span> 
     </span>
     <span class='ocr_line' id='line_1_10' title="bbox 145 1197 1349 1283; baseline -0.003 -20"><span class='ocrx_word' id='word_1_80' title='bbox 145 1218 218 1263; x_wconf 91' lang='lat' dir='ltr'>cum</span> <span class='ocrx_word' id='word_1_81' title='bbox 233 1198 273 1262; x_wconf 92' lang='lat' dir='ltr'>ad</span> <span class='ocrx_word' id='word_1_82' title='bbox 290 1217 348 1261; x_wconf 90' lang='lat' dir='ltr'>nos</span> <span class='ocrx_word' id='word_1_83' title='bbox 361 1197 513 1283; x_wconf 82' lang='lat' dir='ltr'>Cotylam</span> <span class='ocrx_word' id='word_1_84' title='bbox 529 1201 685 1280; x_wconf 84' lang='lat' dir='ltr'>mitteret,</span> <span class='ocrx_word' id='word_1_85' title='bbox 699 1209 925 1264; x_wconf 89' lang='lat' dir='ltr'>ornamentum</span> <span class='ocrx_word' id='word_1_86' title='bbox 940 1210 1036 1283; x_wconf 88' lang='lat' dir='ltr'>atque</span> <span class='ocrx_word' id='word_1_87' title='bbox 1050 1219 1157 1264; x_wconf 89' lang='lat' dir='ltr'>arcem</span> <span class='ocrx_word' id='word_1_88' title='bbox 1172 1199 1349 1262; x_wconf 88' lang='lat' dir='ltr'>amicorum</span> 
     </span>
     <span class='ocr_line' id='line_1_11' title="bbox 103 1301 1349 1387; baseline 0.001 -25"><span class='ocrx_word' id='word_1_89' title='bbox 103 1321 284 1386; x_wconf 70' lang='lat' dir='ltr'>manorum,</span> <span class='ocrx_word' id='word_1_90' title='bbox 301 1303 466 1364; x_wconf 89' lang='lat' dir='ltr'>hominem</span> <span class='ocrx_word' id='word_1_91' title='bbox 488 1301 700 1367; x_wconf 80' lang='lat' dir='ltr'>aedilicium?</span> <span class='ocrx_word' id='word_1_92' title='bbox 721 1307 844 1368; x_wconf 86' lang='lat' dir='ltr'>sivero</span> <span class='ocrx_word' id='word_1_93' title='bbox 864 1313 934 1368; x_wconf 90' lang='lat' dir='ltr'>tum</span> <span class='ocrx_word' id='word_1_94' title='bbox 954 1305 1017 1367; x_wconf 86' lang='lat' dir='ltr'>fuit</span> <span class='ocrx_word' id='word_1_95' title='bbox 1036 1305 1163 1387; x_wconf 84' lang='lat' dir='ltr'>aedilis,</span> <span class='ocrx_word' id='word_1_96' title='bbox 1178 1322 1251 1366; x_wconf 92' lang='lat' dir='ltr'>cum</span> <span class='ocrx_word' id='word_1_97' title='bbox 1272 1320 1349 1364; x_wconf 92' lang='lat' dir='ltr'>eum</span> 
     </span>
     <span class='ocr_line' id='line_1_12' title="bbox 146 1405 1403 1490; baseline -0.002 -21"><span class='ocrx_word' id='word_1_98' title='bbox 146 1409 233 1470; x_wconf 91' lang='lat' dir='ltr'>iussu</span> <span class='ocrx_word' id='word_1_99' title='bbox 248 1406 388 1471; x_wconf 89' lang='lat' dir='ltr'>Antonii</span> <span class='ocrx_word' id='word_1_100' title='bbox 404 1405 440 1468; x_wconf 91' lang='lat' dir='ltr'>in</span> <span class='ocrx_word' id='word_1_101' title='bbox 454 1406 607 1469; x_wconf 90' lang='lat' dir='ltr'>convivio</span> <span class='ocrx_word' id='word_1_102' title='bbox 621 1408 705 1469; x_wconf 88' lang='lat' dir='ltr'>servi</span> <span class='ocrx_word' id='word_1_103' title='bbox 721 1406 841 1490; x_wconf 91' lang='lat' dir='ltr'>publici</span> <span class='ocrx_word' id='word_1_104' title='bbox 859 1407 935 1470; x_wconf 88' lang='lat' dir='ltr'>loris</span> <span class='ocrx_word' id='word_1_105' title='bbox 952 1407 1147 1471; x_wconf 87' lang='lat' dir='ltr'>cecidenmt.</span> <span class='ocrx_word' id='word_1_106' title='bbox 1191 1406 1236 1468; x_wconf 87' lang='lat' dir='ltr'>At</span> <span class='ocrx_word' id='word_1_107' title='bbox 1251 1423 1348 1487; x_wconf 83' lang='lat' dir='ltr'>quam</span> <span class='ocrx_word' id='word_1_108' title='bbox 1363 1419 1403 1466; x_wconf 77' lang='lat' dir='ltr'>as</span> 
     </span>
     <span class='ocr_line' id='line_1_13' title="bbox 147 1508 1349 1594; baseline -0.002 -20"><span class='ocrx_word' id='word_1_109' title='bbox 147 1511 292 1574; x_wconf 88' lang='lat' dir='ltr'>modesta</span> <span class='ocrx_word' id='word_1_110' title='bbox 310 1508 478 1574; x_wconf 87' lang='lat' dir='ltr'>mandata!</span> <span class='ocrx_word' id='word_1_111' title='bbox 523 1509 628 1572; x_wconf 89' lang='lat' dir='ltr'>Ferrei</span> <span class='ocrx_word' id='word_1_112' title='bbox 647 1528 767 1593; x_wconf 88' lang='lat' dir='ltr'>sumus,</span> <span class='ocrx_word' id='word_1_113' title='bbox 782 1519 887 1593; x_wconf 89' lang='lat' dir='ltr'>patres</span> <span class='ocrx_word' id='word_1_114' title='bbox 905 1511 1092 1594; x_wconf 83' lang='lat' dir='ltr'>conscripti,</span> <span class='ocrx_word' id='word_1_115' title='bbox 1106 1510 1161 1593; x_wconf 93' lang='lat' dir='ltr'>qui</span> <span class='ocrx_word' id='word_1_116' title='bbox 1176 1509 1349 1592; x_wconf 83' lang='lat' dir='ltr'>quidquam</span> 
     </span>
     <span class='ocr_line' id='line_1_14' title="bbox 147 1611 1350 1698; baseline -0.002 -22"><span class='ocrx_word' id='word_1_117' title='bbox 147 1616 221 1678; x_wconf 89' lang='lat' dir='ltr'>huic</span> <span class='ocrx_word' id='word_1_118' title='bbox 245 1631 407 1697; x_wconf 84' lang='lat' dir='ltr'>negemus.</span> <span class='ocrx_word' id='word_1_119' title='bbox 452 1611 660 1695; x_wconf 89' lang='lat' dir='ltr'>Utramque</span> <span class='ocrx_word' id='word_1_120' title='bbox 683 1616 929 1698; x_wconf 91' lang='lat' dir='ltr'>provinciam,</span> <span class='ocrx_word' id='word_1_121' title='bbox 952 1615 1072 1698; x_wconf 81' lang='lat' dir='ltr'>inquit,</span> <span class='ocrx_word' id='word_1_122' title='bbox 1095 1614 1268 1696; x_wconf 83' lang='lat' dir='ltr'>remitt03</span> <span class='ocrx_word' id='word_1_123' title='bbox 1290 1632 1350 1674; x_wconf 86' lang='lat' dir='ltr'>ex·</span> 
     </span>
     <span class='ocr_line' id='line_1_15' title="bbox 146 1715 1347 1800; baseline -0.002 -20"><span class='ocrx_word' id='word_1_124' title='bbox 146 1718 306 1780; x_wconf 90' lang='lat' dir='ltr'>ercitum</span> <span class='ocrx_word' id='word_1_125' title='bbox 321 1715 490 1799; x_wconf 79' lang='lat' dir='ltr'>depon03</span> <span class='ocrx_word' id='word_1_126' title='bbox 512 1717 683 1800; x_wconf 87' lang='lat' dir='ltr'>privatus</span> <span class='ocrx_word' id='word_1_127' title='bbox 705 1737 787 1780; x_wconf 90' lang='lat' dir='ltr'>esse</span> <span class='ocrx_word' id='word_1_128' title='bbox 811 1737 883 1782; x_wconf 90' lang='lat' dir='ltr'>non</span> <span class='ocrx_word' id='word_1_129' title='bbox 905 1737 1060 1784; x_wconf 59' lang='lat' dir='ltr'>recusos</span> <span class='ocrx_word' id='word_1_130' title='bbox 1075 1717 1153 1780; x_wconf 90' lang='lat' dir='ltr'>haec</span> <span class='ocrx_word' id='word_1_131' title='bbox 1168 1727 1242 1781; x_wconf 91' lang='lat' dir='ltr'>sunt</span> <span class='ocrx_word' id='word_1_132' title='bbox 1257 1718 1347 1778; x_wconf 90' lang='lat' dir='ltr'>enim</span> 
     </span>
     <span class='ocr_line' id='line_1_16' title="bbox 103 1817 1346 1904; baseline 0.003 -28"><span class='ocrx_word' id='word_1_133' title='bbox 103 1820 253 1890; x_wconf 64' lang='lat' dir='ltr'>rsverba.</span> <span class='ocrx_word' id='word_1_134' title='bbox 297 1817 680 1882; x_wconf 87' lang='lat' dir='ltr'>Redireadsevidetur.</span> <span class='ocrx_word' id='word_1_135' title='bbox 725 1820 865 1884; x_wconf 90' lang='lat' dir='ltr'>Omnia</span> <span class='ocrx_word' id='word_1_136' title='bbox 886 1820 1105 1904; x_wconf 86' lang='lat' dir='ltr'>obliviscor,</span> <span class='ocrx_word' id='word_1_137' title='bbox 1124 1823 1163 1884; x_wconf 93' lang='lat' dir='ltr'>in</span> <span class='ocrx_word' id='word_1_138' title='bbox 1185 1819 1346 1904; x_wconf 90' lang='lat' dir='ltr'>gratiam</span> 
     </span>
     <span class='ocr_line' id='line_1_17' title="bbox 147 1921 1348 2007; baseline -0.001 -23"><span class='ocrx_word' id='word_1_139' title='bbox 147 1921 267 1985; x_wconf 90' lang='lat' dir='ltr'>redeo.</span> <span class='ocrx_word' id='word_1_140' title='bbox 311 1922 372 1988; x_wconf 88' lang='lat' dir='ltr'>Sed</span> <span class='ocrx_word' id='word_1_141' title='bbox 386 1922 461 2005; x_wconf 91' lang='lat' dir='ltr'>quid</span> <span class='ocrx_word' id='word_1_142' title='bbox 477 1923 649 2006; x_wconf 85' lang='lat' dir='ltr'>adiungit?</span> <span class='ocrx_word' id='word_1_143' title='bbox 692 1923 730 1989; x_wconf 88' lang='lat' dir='ltr'>Si</span> <span class='ocrx_word' id='word_1_144' title='bbox 746 1922 959 2007; x_wconf 86' lang='lat' dir='ltr'>legionibus</span> <span class='ocrx_word' id='word_1_145' title='bbox 977 1927 1070 1988; x_wconf 91' lang='lat' dir='ltr'>meis</span> <span class='ocrx_word' id='word_1_146' title='bbox 1093 1943 1167 2007; x_wconf 85' lang='lat' dir='ltr'>sex,</span> <span class='ocrx_word' id='word_1_147' title='bbox 1190 1925 1222 1987; x_wconf 91' lang='lat' dir='ltr'>si</span> <span class='ocrx_word' id='word_1_148' title='bbox 1245 1923 1348 2003; x_wconf 89' lang='lat' dir='ltr'>equi-</span> 
     </span>
     <span class='ocr_line' id='line_1_18' title="bbox 147 2025 1346 2112; baseline -0.003 -23"><span class='ocrx_word' id='word_1_149' title='bbox 147 2027 260 2109; x_wconf 87' lang='lat' dir='ltr'>tibus,</span> <span class='ocrx_word' id='word_1_150' title='bbox 283 2028 315 2089; x_wconf 91' lang='lat' dir='ltr'>si</span> <span class='ocrx_word' id='word_1_151' title='bbox 338 2027 485 2090; x_wconf 92' lang='lat' dir='ltr'>cohorti</span> <span class='ocrx_word' id='word_1_152' title='bbox 501 2029 711 2111; x_wconf 90' lang='lat' dir='ltr'>praetoriae</span> <span class='ocrx_word' id='word_1_153' title='bbox 734 2028 905 2112; x_wconf 82' lang='lat' dir='ltr'>praedam</span> <span class='ocrx_word' id='word_1_154' title='bbox 931 2046 1129 2111; x_wconf 86' lang='lat' dir='ltr'>agrumque</span> <span class='ocrx_word' id='word_1_155' title='bbox 1152 2025 1346 2088; x_wconf 90' lang='lat' dir='ltr'>dederitis.</span> 
     </span>
     <span class='ocr_line' id='line_1_19' title="bbox 147 2128 1348 2216; baseline -0.003 -24"><span class='ocrx_word' id='word_1_156' title='bbox 147 2128 193 2194; x_wconf 90' lang='lat' dir='ltr'>lis</span> <span class='ocrx_word' id='word_1_157' title='bbox 215 2130 315 2194; x_wconf 91' lang='lat' dir='ltr'>etiam</span> <span class='ocrx_word' id='word_1_158' title='bbox 338 2133 480 2214; x_wconf 88' lang='lat' dir='ltr'>praemia</span> <span class='ocrx_word' id='word_1_159' title='bbox 501 2131 651 2215; x_wconf 88' lang='lat' dir='ltr'>postulat,</span> <span class='ocrx_word' id='word_1_160' title='bbox 669 2132 784 2213; x_wconf 91' lang='lat' dir='ltr'>quibus</span> <span class='ocrx_word' id='word_1_161' title='bbox 806 2139 841 2193; x_wconf 92' lang='lat' dir='ltr'>ut</span> <span class='ocrx_word' id='word_1_162' title='bbox 861 2133 1042 2216; x_wconf 82' lang='lat' dir='ltr'>ignoscatur</span> <span class='ocrx_word' id='word_1_163' title='bbox 1061 2132 1089 2193; x_wconf 93' lang='lat' dir='ltr'>si</span> <span class='ocrx_word' id='word_1_164' title='bbox 1113 2129 1264 2213; x_wconf 85' lang='lat' dir='ltr'>postulet,</span> <span class='ocrx_word' id='word_1_165' title='bbox 1286 2129 1348 2188; x_wconf 90' lang='lat' dir='ltr'>im-</span> 
     </span>
     <span class='ocr_line' id='line_1_20' title="bbox 147 2233 1345 2320; baseline -0.004 -23"><span class='ocrx_word' id='word_1_166' title='bbox 147 2235 398 2319; x_wconf 89' lang='lat' dir='ltr'>pudentissimus</span> <span class='ocrx_word' id='word_1_167' title='bbox 425 2235 591 2298; x_wconf 87' lang='lat' dir='ltr'>iudicetur.</span> <span class='ocrx_word' id='word_1_168' title='bbox 643 2233 746 2298; x_wconf 89' lang='lat' dir='ltr'>Addit</span> <span class='ocrx_word' id='word_1_169' title='bbox 767 2243 942 2320; x_wconf 81' lang='lat' dir='ltr'>praeterea,</span> <span class='ocrx_word' id='word_1_170' title='bbox 968 2243 1008 2296; x_wconf 92' lang='lat' dir='ltr'>ut</span> <span class='ocrx_word' id='word_1_171' title='bbox 1033 2253 1124 2316; x_wconf 91' lang='lat' dir='ltr'>quos</span> <span class='ocrx_word' id='word_1_172' title='bbox 1154 2234 1235 2315; x_wconf 90' lang='lat' dir='ltr'>ipse</span> <span class='ocrx_word' id='word_1_173' title='bbox 1264 2249 1345 2294; x_wconf 92' lang='lat' dir='ltr'>cum</span> 
     </span>
     <span class='ocr_line' id='line_1_21' title="bbox 102 2336 1344 2422; baseline -0.002 -24"><span class='ocrx_word' id='word_1_174' title='bbox 102 2338 346 2402; x_wconf 76' lang='lat' dir='ltr'>roDolabella</span> <span class='ocrx_word' id='word_1_175' title='bbox 374 2338 522 2402; x_wconf 89' lang='lat' dir='ltr'>dederit</span> <span class='ocrx_word' id='word_1_176' title='bbox 551 2357 664 2422; x_wconf 90' lang='lat' dir='ltr'>agros,</span> <span class='ocrx_word' id='word_1_177' title='bbox 701 2346 857 2401; x_wconf 89' lang='lat' dir='ltr'>teneant</span> <span class='ocrx_word' id='word_1_178' title='bbox 895 2339 936 2422; x_wconf 89' lang='lat' dir='ltr'>ii,</span> <span class='ocrx_word' id='word_1_179' title='bbox 969 2338 1104 2419; x_wconf 91' lang='lat' dir='ltr'>quibus</span> <span class='ocrx_word' id='word_1_180' title='bbox 1140 2336 1219 2399; x_wconf 89' lang='lat' dir='ltr'>dati</span> <span class='ocrx_word' id='word_1_181' title='bbox 1256 2337 1344 2396; x_wconf 92' lang='lat' dir='ltr'>sint.</span> 
     </span>
     <span class='ocr_line' id='line_1_22' title="bbox 147 2438 1399 2526; baseline -0.006 -20"><span class='ocrx_word' id='word_1_182' title='bbox 147 2442 214 2506; x_wconf 91' lang='lat' dir='ltr'>Hic</span> <span class='ocrx_word' id='word_1_183' title='bbox 240 2453 289 2505; x_wconf 91' lang='lat' dir='ltr'>est</span> <span class='ocrx_word' id='word_1_184' title='bbox 313 2441 498 2526; x_wconf 89' lang='lat' dir='ltr'>Campanus</span> <span class='ocrx_word' id='word_1_185' title='bbox 523 2451 652 2526; x_wconf 87' lang='lat' dir='ltr'>ageret</span> <span class='ocrx_word' id='word_1_186' title='bbox 675 2442 866 2525; x_wconf 87' lang='lat' dir='ltr'>Leontinus,</span> <span class='ocrx_word' id='word_1_187' title='bbox 889 2460 969 2524; x_wconf 90' lang='lat' dir='ltr'>quae</span> <span class='ocrx_word' id='word_1_188' title='bbox 994 2441 1057 2504; x_wconf 92' lang='lat' dir='ltr'>duo</span> <span class='ocrx_word' id='word_1_189' title='bbox 1081 2441 1218 2503; x_wconf 89' lang='lat' dir='ltr'>maiores</span> <span class='ocrx_word' id='word_1_190' title='bbox 1242 2438 1344 2501; x_wconf 88' lang='lat' dir='ltr'>nostri</span> <span class='ocrx_word' id='word_1_191' title='bbox 1358 2454 1399 2500; x_wconf 81' lang='lat' dir='ltr'>ae</span> 
     </span>
     <span class='ocr_line' id='line_1_23' title="bbox 146 2542 1389 2631; baseline -0.005 -22"><span class='ocrx_word' id='word_1_192' title='bbox 146 2565 294 2609; x_wconf 85' lang='lat' dir='ltr'>annonae</span> <span class='ocrx_word' id='word_1_193' title='bbox 310 2545 453 2631; x_wconf 90' lang='lat' dir='ltr'>perfugia</span> <span class='ocrx_word' id='word_1_194' title='bbox 466 2547 635 2609; x_wconf 89' lang='lat' dir='ltr'>ducebant.</span> <span class='ocrx_word' id='word_1_195' title='bbox 678 2545 784 2610; x_wconf 86' lang='lat' dir='ltr'>Cavet</span> <span class='ocrx_word' id='word_1_196' title='bbox 804 2547 926 2628; x_wconf 83' lang='lat' dir='ltr'>nrimis,</span> <span class='ocrx_word' id='word_1_197' title='bbox 941 2545 1143 2627; x_wconf 82' lang='lat' dir='ltr'>aleatoribus,</span> <span class='ocrx_word' id='word_1_198' title='bbox 1159 2542 1344 2606; x_wconf 89' lang='lat' dir='ltr'>lenonibus:</span> <span class='ocrx_word' id='word_1_199' title='bbox 1360 2551 1389 2618; x_wconf 82' lang='grc'>9</span> 
     </span>
     <span class='ocr_line' id='line_1_24' title="bbox 146 2646 1347 2733; baseline -0.007 -17"><span class='ocrx_word' id='word_1_200' title='bbox 146 2649 265 2716; x_wconf 83' lang='lat' dir='ltr'>Cafoni</span> <span class='ocrx_word' id='word_1_201' title='bbox 281 2652 381 2714; x_wconf 92' lang='lat' dir='ltr'>etiam</span> <span class='ocrx_word' id='word_1_202' title='bbox 402 2659 435 2713; x_wconf 89' lang='lat' dir='ltr'>et</span> <span class='ocrx_word' id='word_1_203' title='bbox 453 2649 552 2715; x_wconf 84' lang='lat' dir='ltr'>Saxae</span> <span class='ocrx_word' id='word_1_204' title='bbox 575 2658 681 2733; x_wconf 80' lang='lat' dir='ltr'>cavet,</span> <span class='ocrx_word' id='word_1_205' title='bbox 695 2667 774 2730; x_wconf 91' lang='lat' dir='ltr'>quos</span> <span class='ocrx_word' id='word_1_206' title='bbox 794 2650 998 2712; x_wconf 90' lang='lat' dir='ltr'>centuriones</span> <span class='ocrx_word' id='word_1_207' title='bbox 1021 2667 1179 2732; x_wconf 87' lang='lat' dir='ltr'>pugnaces</span> <span class='ocrx_word' id='word_1_208' title='bbox 1197 2657 1229 2709; x_wconf 91' lang='lat' dir='ltr'>et</span> <span class='ocrx_word' id='word_1_209' title='bbox 1247 2646 1347 2709; x_wconf 87' lang='lat' dir='ltr'>lacer-</span> 
     </span>
     <span class='ocr_line' id='line_1_25' title="bbox 144 2749 1346 2837; baseline -0.005 -19"><span class='ocrx_word' id='word_1_210' title='bbox 144 2763 234 2818; x_wconf 82' lang='lat' dir='ltr'>tosos</span> <span class='ocrx_word' id='word_1_211' title='bbox 263 2756 348 2817; x_wconf 88' lang='lat' dir='ltr'>inter</span> <span class='ocrx_word' id='word_1_212' title='bbox 374 2757 546 2818; x_wconf 91' lang='lat' dir='ltr'>mimorum</span> <span class='ocrx_word' id='word_1_213' title='bbox 575 2763 609 2817; x_wconf 91' lang='lat' dir='ltr'>et</span> <span class='ocrx_word' id='word_1_214' title='bbox 635 2754 805 2816; x_wconf 88' lang='lat' dir='ltr'>mimarum</span> <span class='ocrx_word' id='word_1_215' title='bbox 834 2771 943 2837; x_wconf 86' lang='lat' dir='ltr'>greges</span> <span class='ocrx_word' id='word_1_216' title='bbox 970 2752 1150 2815; x_wconf 90' lang='lat' dir='ltr'>collocavit.</span> <span class='ocrx_word' id='word_1_217' title='bbox 1203 2749 1346 2814; x_wconf 88' lang='lat' dir='ltr'>Postulat</span> 
     </span>
    </p>
   </div>
   <div class='ocr_carea' id='block_1_4' title="bbox 42 2967 1347 4404">
    <p class='ocr_par' dir='ltr' id='par_1_4' title="bbox 42 2967 1347 4404">
     <span class='ocr_line' id='line_1_26' title="bbox 147 2967 1346 3033; baseline -0.002 -17"><span class='ocrx_word' id='word_1_218' title='bbox 147 2969 216 3018; x_wconf 81' lang='lat' dir='ltr'>result</span> <span class='ocrx_word' id='word_1_219' title='bbox 234 2969 261 3016; x_wconf 81' lang='lat' dir='ltr'>ol</span> <span class='ocrx_word' id='word_1_220' title='bbox 278 2983 292 3015; x_wconf 90' lang='lat' dir='ltr'>a</span> <span class='ocrx_word' id='word_1_221' title='bbox 311 2969 467 3016; x_wconf 78' lang='lat' dir='ltr'>commission</span> <span class='ocrx_word' id='word_1_222' title='bbox 509 2967 562 3016; x_wconf 75' lang='lat' dir='ltr'>‘l&#39;he</span> <span class='ocrx_word' id='word_1_223' title='bbox 581 2968 638 3016; x_wconf 88' lang='lat' dir='ltr'>later</span> <span class='ocrx_word' id='word_1_224' title='bbox 658 2967 722 3017; x_wconf 83' lang='lat' dir='ltr'>Mss,</span> <span class='ocrx_word' id='word_1_225' title='bbox 773 2968 887 3016; x_wconf 80' lang='lat' dir='ltr'>·Galliarn</span> <span class='ocrx_word' id='word_1_226' title='bbox 906 2977 1011 3033; x_wconf 81' lang='lat' dir='ltr'>togatam</span> <span class='ocrx_word' id='word_1_227' title='bbox 1030 2967 1132 3023; x_wconf 82' lang='lat' dir='ltr'>remitto,</span> <span class='ocrx_word' id='word_1_228' title='bbox 1150 2967 1274 3016; x_wconf 81' lang='lat' dir='ltr'>Comatam</span> <span class='ocrx_word' id='word_1_229' title='bbox 1294 2981 1346 3028; x_wconf 85' lang='lat' dir='ltr'>pos·</span> 
     </span>
     <span class='ocr_line' id='line_1_27' title="bbox 147 3033 838 3090; baseline -0.006 -7"><span class='ocrx_word' id='word_1_230' title='bbox 147 3035 207 3083; x_wconf 86' lang='lat' dir='ltr'>bave</span> <span class='ocrx_word' id='word_1_231' title='bbox 226 3037 265 3081; x_wconf 85' lang='lat' dir='ltr'>‘se</span> <span class='ocrx_word' id='word_1_232' title='bbox 282 3049 330 3080; x_wconf 91' lang='lat' dir='ltr'>non</span> <span class='ocrx_word' id='word_1_233' title='bbox 350 3043 404 3081; x_wconf 89' lang='lat' dir='ltr'>ante</span> <span class='ocrx_word' id='word_1_234' title='bbox 426 3033 625 3090; x_wconf 63' lang='lat' dir='ltr'>renuntiaturum:</span> <span class='ocrx_word' id='word_1_235' title='bbox 646 3034 722 3081; x_wconf 81' lang='lat' dir='ltr'>which</span> <span class='ocrx_word' id='word_1_236' title='bbox 772 3033 838 3082; x_wconf 68' lang='lat' dir='ltr'>tulo)</span> 
     </span>
     <span class='ocr_line' id='line_1_28' title="bbox 147 3097 1346 3162; baseline -0.003 -15"><span class='ocrx_word' id='word_1_237' title='bbox 147 3101 237 3148; x_wconf 84' lang='lat' dir='ltr'>vitiatea</span> <span class='ocrx_word' id='word_1_238' title='bbox 248 3099 288 3146; x_wconf 90' lang='lat' dir='ltr'>the</span> <span class='ocrx_word' id='word_1_239' title='bbox 299 3100 414 3162; x_wconf 86' lang='lat' dir='ltr'>meaning.</span> <span class='ocrx_word' id='word_1_240' title='bbox 807 3108 845 3162; x_wconf 80' lang='lat'>17.</span> <span class='ocrx_word' id='word_1_241' title='bbox 864 3098 980 3148; x_wconf 84' lang='lat' dir='ltr'>Cohorti</span> <span class='ocrx_word' id='word_1_242' title='bbox 1012 3099 1176 3160; x_wconf 85' lang='lat' dir='ltr'>praetoriae,</span> <span class='ocrx_word' id='word_1_243' title='bbox 1204 3097 1245 3145; x_wconf 89' lang='lat' dir='ltr'>the</span> <span class='ocrx_word' id='word_1_244' title='bbox 1273 3098 1346 3160; x_wconf 88' lang='lat' dir='ltr'>body-</span> 
     </span>
     <span class='ocr_line' id='line_1_29' title="bbox 180 3163 1347 3226; baseline -0.002 -13"><span class='ocrx_word' id='word_1_245' title='bbox 180 3181 204 3226; x_wconf 74' lang='lat'>4.</span> <span class='ocrx_word' id='word_1_246' title='bbox 223 3167 324 3214; x_wconf 81' lang='lat' dir='ltr'>Potina.</span> <span class='ocrx_word' id='word_1_247' title='bbox 359 3165 412 3211; x_wconf 86' lang='lat' dir='ltr'>The</span> <span class='ocrx_word' id='word_1_248' title='bbox 421 3165 477 3212; x_wconf 88' lang='lat' dir='ltr'>later</span> <span class='ocrx_word' id='word_1_249' title='bbox 487 3165 552 3213; x_wconf 84' lang='lat' dir='ltr'>MSS.</span> <span class='ocrx_word' id='word_1_250' title='bbox 560 3164 722 3221; x_wconf 77' lang='lat' dir='ltr'>hove·totus,’</span> <span class='ocrx_word' id='word_1_251' title='bbox 829 3166 852 3219; x_wconf 82' lang='lat' dir='ltr'>d,</span> <span class='ocrx_word' id='word_1_252' title='bbox 875 3163 982 3211; x_wconf 84' lang='lat' dir='ltr'>attached</span> <span class='ocrx_word' id='word_1_253' title='bbox 1009 3173 1036 3210; x_wconf 96' lang='lat' dir='ltr'>to</span> <span class='ocrx_word' id='word_1_254' title='bbox 1064 3163 1103 3211; x_wconf 90' lang='lat' dir='ltr'>the</span> <span class='ocrx_word' id='word_1_255' title='bbox 1125 3177 1206 3223; x_wconf 84' lang='lat' dir='ltr'>person</span> <span class='ocrx_word' id='word_1_256' title='bbox 1229 3163 1257 3209; x_wconf 85' lang='lat' dir='ltr'>ol</span> <span class='ocrx_word' id='word_1_257' title='bbox 1276 3179 1347 3225; x_wconf 82' lang='lat' dir='ltr'>every</span> 
     </span>
     <span class='ocr_line' id='line_1_30' title="bbox 147 3179 1344 3294; baseline 0.001 -19"><span class='ocrx_word' id='word_1_258' title='bbox 147 3245 171 3276; x_wconf 87' lang='lat' dir='ltr'>ar</span> <span class='ocrx_word' id='word_1_259' title='bbox 180 3231 203 3276; x_wconf 91' lang='lat' dir='ltr'>in</span> <span class='ocrx_word' id='word_1_260' title='bbox 215 3232 266 3278; x_wconf 82' lang='lat' dir='ltr'>Att.</span> <span class='ocrx_word' id='word_1_261' title='bbox 278 3244 301 3290; x_wconf 80' lang='lat' dir='ltr'>q.</span> <span class='ocrx_word' id='word_1_262' title='bbox 317 3242 339 3284; x_wconf 82' lang='lat' dir='ltr'>a.</span> <span class='ocrx_word' id='word_1_263' title='bbox 352 3243 362 3278; x_wconf 88' lang='lat'>1</span> <span class='ocrx_word' id='word_1_264' title='bbox 378 3231 516 3290; x_wconf 86' lang='lat' dir='ltr'>‘Repudiari</span> <span class='ocrx_word' id='word_1_265' title='bbox 528 3245 552 3276; x_wconf 83' lang='lat' dir='ltr'>se</span> <span class='ocrx_word' id='word_1_266' title='bbox 563 3231 655 3278; x_wconf 69' lang='lat' dir='ltr'>totum!</span> <span class='ocrx_word' id='word_1_267' title='bbox 772 3179 866 3278; x_wconf 42' lang='lat' dir='ltr'>{ymon</span> <span class='ocrx_word' id='word_1_268' title='bbox 882 3229 981 3294; x_wconf 84' lang='lat' dir='ltr'>general.</span> <span class='ocrx_word' id='word_1_269' title='bbox 1014 3229 1058 3289; x_wconf 89' lang='lat' dir='ltr'>Cp.</span> <span class='ocrx_word' id='word_1_270' title='bbox 1070 3229 1135 3277; x_wconf 80' lang='lat' dir='ltr'>Caes.</span> <span class='ocrx_word' id='word_1_271' title='bbox 1148 3229 1210 3277; x_wconf 61' lang='grc' dir='ltr'>ΒΕ.</span> <span class='ocrx_word' id='word_1_272' title='bbox 1226 3243 1247 3276; x_wconf 88' lang='lat' dir='ltr'>r.</span> <span class='ocrx_word' id='word_1_273' title='bbox 1258 3241 1292 3290; x_wconf 88' lang='lat'>40</span> <span class='ocrx_word' id='word_1_274' title='bbox 1305 3229 1344 3276; x_wconf 83' lang='lat' dir='ltr'>·si</span> 
     </span>
     <span class='ocr_line' id='line_1_31' title="bbox 181 3294 1345 3356; baseline -0.001 -15"><span class='ocrx_word' id='word_1_275' title='bbox 181 3295 285 3355; x_wconf 84' lang='lat' dir='ltr'>8.an</span> <span class='ocrx_word' id='word_1_276' title='bbox 311 3304 420 3356; x_wconf 83' lang='lat' dir='ltr'>stupore</span> <span class='ocrx_word' id='word_1_277' title='bbox 474 3294 527 3342; x_wconf 80' lang='lat' dir='ltr'>&#39;Phe</span> <span class='ocrx_word' id='word_1_278' title='bbox 544 3296 721 3343; x_wconf 80' lang='lat' dir='ltr'>unsuitableners</span> <span class='ocrx_word' id='word_1_279' title='bbox 771 3305 886 3356; x_wconf 88' lang='lat' dir='ltr'>praeterea</span> <span class='ocrx_word' id='word_1_280' title='bbox 897 3309 966 3342; x_wconf 90' lang='lat' dir='ltr'>nemo</span> <span class='ocrx_word' id='word_1_281' title='bbox 978 3303 1091 3356; x_wconf 82' lang='lat' dir='ltr'>sequatur.</span> <span class='ocrx_word' id='word_1_282' title='bbox 1103 3303 1182 3342; x_wconf 88' lang='lat' dir='ltr'>tamen</span> <span class='ocrx_word' id='word_1_283' title='bbox 1193 3309 1217 3341; x_wconf 90' lang='lat' dir='ltr'>se</span> <span class='ocrx_word' id='word_1_284' title='bbox 1233 3309 1286 3341; x_wconf 88' lang='lat' dir='ltr'>cum</span> <span class='ocrx_word' id='word_1_285' title='bbox 1298 3295 1345 3342; x_wconf 83' lang='lat' dir='ltr'>sola</span> 
     </span>
     <span class='ocr_line' id='line_1_32' title="bbox 147 3359 1346 3426; baseline 0 -20"><span class='ocrx_word' id='word_1_286' title='bbox 147 3360 177 3406; x_wconf 79' lang='lat' dir='ltr'>oi</span> <span class='ocrx_word' id='word_1_287' title='bbox 188 3359 234 3406; x_wconf 88' lang='lat' dir='ltr'>this</span> <span class='ocrx_word' id='word_1_288' title='bbox 246 3359 310 3406; x_wconf 82' lang='lat' dir='ltr'>word</span> <span class='ocrx_word' id='word_1_289' title='bbox 325 3360 428 3406; x_wconf 76' lang='lat' dir='ltr'>between</span> <span class='ocrx_word' id='word_1_290' title='bbox 443 3369 490 3406; x_wconf 81' lang='lat' dir='ltr'>two</span> <span class='ocrx_word' id='word_1_291' title='bbox 510 3360 540 3405; x_wconf 88' lang='lat' dir='ltr'>ol&#39;</span> <span class='ocrx_word' id='word_1_292' title='bbox 552 3359 608 3407; x_wconf 83' lang='lat' dir='ltr'>such</span> <span class='ocrx_word' id='word_1_293' title='bbox 623 3370 721 3426; x_wconf 84' lang='lat' dir='ltr'>cognate</span> <span class='ocrx_word' id='word_1_294' title='bbox 770 3361 858 3408; x_wconf 84' lang='lat' dir='ltr'>decima</span> <span class='ocrx_word' id='word_1_295' title='bbox 870 3361 959 3424; x_wconf 87' lang='lat' dir='ltr'>legione</span> <span class='ocrx_word' id='word_1_296' title='bbox 971 3361 1064 3417; x_wconf 84' lang='lat' dir='ltr'>itumm,</span> <span class='ocrx_word' id='word_1_297' title='bbox 1073 3361 1102 3407; x_wconf 91' lang='lat' dir='ltr'>de</span> <span class='ocrx_word' id='word_1_298' title='bbox 1111 3375 1155 3421; x_wconf 90' lang='lat' dir='ltr'>qua</span> <span class='ocrx_word' id='word_1_299' title='bbox 1167 3375 1213 3407; x_wconf 90' lang='lat' dir='ltr'>non</span> <span class='ocrx_word' id='word_1_300' title='bbox 1225 3361 1346 3416; x_wconf 84' lang='lat' dir='ltr'>dubitaret,</span> 
     </span>
     <span class='ocr_line' id='line_1_33' title="bbox 148 3424 1332 3487; baseline 0.001 -16"><span class='ocrx_word' id='word_1_301' title='bbox 148 3425 255 3486; x_wconf 84' lang='lat' dir='ltr'>meaning</span> <span class='ocrx_word' id='word_1_302' title='bbox 271 3439 295 3471; x_wconf 81' lang='lat' dir='ltr'>as</span> <span class='ocrx_word' id='word_1_303' title='bbox 312 3424 464 3487; x_wconf 87' lang='lat' dir='ltr'>‘arrogantia&#39;</span> <span class='ocrx_word' id='word_1_304' title='bbox 482 3424 526 3470; x_wconf 90' lang='lat' dir='ltr'>and</span> <span class='ocrx_word' id='word_1_305' title='bbox 543 3425 658 3484; x_wconf 82' lang='lat' dir='ltr'>&#39;spiritns&#39;</span> <span class='ocrx_word' id='word_1_306' title='bbox 680 3426 721 3474; x_wconf 77' lang='lat' dir='ltr'>har</span> <span class='ocrx_word' id='word_1_307' title='bbox 770 3425 858 3487; x_wconf 86' lang='lat' dir='ltr'>sibique</span> <span class='ocrx_word' id='word_1_308' title='bbox 870 3441 921 3472; x_wconf 90' lang='lat' dir='ltr'>eam</span> <span class='ocrx_word' id='word_1_309' title='bbox 934 3427 1073 3486; x_wconf 84' lang='lat' dir='ltr'>praetoriam</span> <span class='ocrx_word' id='word_1_310' title='bbox 1084 3425 1203 3472; x_wconf 85' lang='lat' dir='ltr'>eohortem</span> <span class='ocrx_word' id='word_1_311' title='bbox 1216 3426 1332 3472; x_wconf 64' lang='lat' dir='ltr'>futuram?</span> 
     </span>
     <span class='ocr_line' id='line_1_34' title="bbox 147 3489 1346 3553; baseline -0.001 -16"><span class='ocrx_word' id='word_1_312' title='bbox 147 3490 183 3537; x_wconf 89' lang='lat' dir='ltr'>led</span> <span class='ocrx_word' id='word_1_313' title='bbox 195 3501 221 3538; x_wconf 89' lang='lat' dir='ltr'>to</span> <span class='ocrx_word' id='word_1_314' title='bbox 234 3489 274 3538; x_wconf 88' lang='lat' dir='ltr'>the</span> <span class='ocrx_word' id='word_1_315' title='bbox 290 3491 493 3550; x_wconf 82' lang='lat' dir='ltr'>conjecture⁸quo</span> <span class='ocrx_word' id='word_1_316' title='bbox 507 3492 612 3538; x_wconf 66' lang='lat' dir='ltr'>tumore!</span> <span class='ocrx_word' id='word_1_317' title='bbox 646 3491 669 3538; x_wconf 85' lang='lat' dir='ltr'>ll</span> <span class='ocrx_word' id='word_1_318' title='bbox 681 3491 721 3538; x_wconf 86' lang='lat' dir='ltr'>the</span> <span class='ocrx_word' id='word_1_319' title='bbox 809 3493 948 3540; x_wconf 87' lang='lat' dir='ltr'>Praedam.</span> <span class='ocrx_word' id='word_1_320' title='bbox 982 3491 1035 3538; x_wconf 85' lang='lat' dir='ltr'>The</span> <span class='ocrx_word' id='word_1_321' title='bbox 1056 3491 1162 3553; x_wconf 87' lang='lat' dir='ltr'>audacity</span> <span class='ocrx_word' id='word_1_322' title='bbox 1180 3491 1209 3538; x_wconf 87' lang='lat' dir='ltr'>ol&#39;</span> <span class='ocrx_word' id='word_1_323' title='bbox 1227 3491 1272 3538; x_wconf 85' lang='lat' dir='ltr'>this</span> <span class='ocrx_word' id='word_1_324' title='bbox 1293 3505 1346 3552; x_wconf 89' lang='lat' dir='ltr'>pro-</span> 
     </span>
     <span class='ocr_line' id='line_1_35' title="bbox 147 3556 1346 3620; baseline 0 -17"><span class='ocrx_word' id='word_1_325' title='bbox 147 3557 241 3619; x_wconf 81' lang='lat' dir='ltr'>readlng</span> <span class='ocrx_word' id='word_1_326' title='bbox 255 3556 285 3603; x_wconf 88' lang='lat' dir='ltr'>he</span> <span class='ocrx_word' id='word_1_327' title='bbox 300 3556 405 3620; x_wconf 85' lang='lat' dir='ltr'>genuine,</span> <span class='ocrx_word' id='word_1_328' title='bbox 421 3556 439 3602; x_wconf 93' lang='lat' dir='ltr'>it</span> <span class='ocrx_word' id='word_1_329' title='bbox 456 3570 512 3617; x_wconf 92' lang='lat' dir='ltr'>may</span> <span class='ocrx_word' id='word_1_330' title='bbox 523 3556 618 3618; x_wconf 82' lang='lat' dir='ltr'>perhaps</span> <span class='ocrx_word' id='word_1_331' title='bbox 635 3557 721 3619; x_wconf 83' lang='lat' dir='ltr'>quality</span> <span class='ocrx_word' id='word_1_332' title='bbox 771 3557 842 3619; x_wconf 79' lang='lat' dir='ltr'>posal,</span> <span class='ocrx_word' id='word_1_333' title='bbox 872 3557 917 3604; x_wconf 90' lang='lat' dir='ltr'>and</span> <span class='ocrx_word' id='word_1_334' title='bbox 946 3556 987 3604; x_wconf 90' lang='lat' dir='ltr'>the</span> <span class='ocrx_word' id='word_1_335' title='bbox 1018 3559 1114 3604; x_wconf 84' lang='lat' dir='ltr'>absence</span> <span class='ocrx_word' id='word_1_336' title='bbox 1145 3557 1174 3603; x_wconf 80' lang='lat' dir='ltr'>ol</span> <span class='ocrx_word' id='word_1_337' title='bbox 1201 3572 1248 3619; x_wconf 89' lang='lat' dir='ltr'>any</span> <span class='ocrx_word' id='word_1_338' title='bbox 1278 3557 1346 3617; x_wconf 81' lang='lat' dir='ltr'>spoils</span> 
     </span>
     <span class='ocr_line' id='line_1_36' title="bbox 148 3620 1345 3686; baseline 0 -18"><span class='ocrx_word' id='word_1_339' title='bbox 148 3628 207 3683; x_wconf 77' lang='lat' dir='ltr'>‘qua</span> <span class='ocrx_word' id='word_1_340' title='bbox 235 3621 380 3686; x_wconf 62' lang='lat' dir='ltr'>arrogantia,²</span> <span class='ocrx_word' id='word_1_341' title='bbox 408 3620 480 3668; x_wconf 77' lang='lat' dir='ltr'>‘with</span> <span class='ocrx_word' id='word_1_342' title='bbox 502 3620 566 3668; x_wconf 76' lang='lat' dir='ltr'>what</span> <span class='ocrx_word' id='word_1_343' title='bbox 595 3621 721 3670; x_wconf 83' lang='lat' dir='ltr'>infatuated</span> <span class='ocrx_word' id='word_1_344' title='bbox 772 3621 848 3668; x_wconf 87' lang='lat' dir='ltr'>which</span> <span class='ocrx_word' id='word_1_345' title='bbox 859 3622 926 3669; x_wconf 87' lang='lat' dir='ltr'>could</span> <span class='ocrx_word' id='word_1_346' title='bbox 943 3625 972 3670; x_wconf 92' lang='lat' dir='ltr'>he</span> <span class='ocrx_word' id='word_1_347' title='bbox 988 3637 1014 3670; x_wconf 79' lang='lat' dir='ltr'>ro</span> <span class='ocrx_word' id='word_1_348' title='bbox 1030 3622 1173 3676; x_wconf 81' lang='lat' dir='ltr'>distributed.</span> <span class='ocrx_word' id='word_1_349' title='bbox 1190 3621 1249 3668; x_wconf 86' lang='lat' dir='ltr'>have</span> <span class='ocrx_word' id='word_1_350' title='bbox 1266 3621 1302 3668; x_wconf 88' lang='lat' dir='ltr'>led</span> <span class='ocrx_word' id='word_1_351' title='bbox 1319 3631 1345 3668; x_wconf 92' lang='lat' dir='ltr'>to</span> 
     </span>
     <span class='ocr_line' id='line_1_37' title="bbox 147 3686 1346 3814; baseline 0.001 -14"><span class='ocrx_word' id='word_1_352' title='bbox 147 3688 327 3800; x_wconf 49' lang='lat' dir='ltr'>&amp;litai</span> <span class='ocrx_word' id='word_1_353' title='bbox 343 3687 488 3746; x_wconf 51' lang='lat' dir='ltr'>*mm*</span> <span class='ocrx_word' id='word_1_354' title='bbox 506 3686 667 3749; x_wconf 61' lang='lat' dir='ltr'>eoam</span> <span class='ocrx_word' id='word_1_355' title='bbox 771 3686 1346 3814; x_wconf 57' lang='lat' dir='ltr'>truttenhusium..l:</span> 
     </span>
     <span class='ocr_line' id='line_1_38' title="bbox 181 3817 1346 3882; baseline 0 -16"><span class='ocrx_word' id='word_1_356' title='bbox 181 3832 204 3882; x_wconf 93' lang='lat'>9.</span> <span class='ocrx_word' id='word_1_357' title='bbox 223 3820 359 3882; x_wconf 79' lang='lat' dir='ltr'>Cotylam.</span> <span class='ocrx_word' id='word_1_358' title='bbox 392 3819 433 3866; x_wconf 88' lang='lat' dir='ltr'>See</span> <span class='ocrx_word' id='word_1_359' title='bbox 443 3834 474 3866; x_wconf 90' lang='lat' dir='ltr'>ou</span> <span class='ocrx_word' id='word_1_360' title='bbox 487 3831 510 3880; x_wconf 82' lang='lat'>5.</span> <span class='ocrx_word' id='word_1_361' title='bbox 525 3831 546 3874; x_wconf 79' lang='lat'>2.</span> <span class='ocrx_word' id='word_1_362' title='bbox 559 3829 581 3880; x_wconf 86' lang='lat'>5.</span> <span class='ocrx_word' id='word_1_363' title='bbox 772 3818 836 3865; x_wconf 87' lang='lat' dir='ltr'>MSS.</span> <span class='ocrx_word' id='word_1_364' title='bbox 870 3817 923 3866; x_wconf 86' lang='lat' dir='ltr'>The</span> <span class='ocrx_word' id='word_1_365' title='bbox 939 3820 1070 3880; x_wconf 87' lang='lat' dir='ltr'>conjecture</span> <span class='ocrx_word' id='word_1_366' title='bbox 1087 3820 1105 3866; x_wconf 81' lang='lat' dir='ltr'>ir</span> <span class='ocrx_word' id='word_1_367' title='bbox 1122 3819 1194 3865; x_wconf 89' lang='lat' dir='ltr'>borne</span> <span class='ocrx_word' id='word_1_368' title='bbox 1210 3827 1252 3866; x_wconf 91' lang='lat' dir='ltr'>out</span> <span class='ocrx_word' id='word_1_369' title='bbox 1262 3821 1293 3880; x_wconf 92' lang='lat' dir='ltr'>by</span> <span class='ocrx_word' id='word_1_370' title='bbox 1305 3818 1346 3866; x_wconf 91' lang='lat' dir='ltr'>the</span> 
     </span>
     <span class='ocr_line' id='line_1_39' title="bbox 183 3883 1346 3948; baseline -0.001 -16"><span class='ocrx_word' id='word_1_371' title='bbox 183 3897 220 3932; x_wconf 82' lang='lat'>11.</span> <span class='ocrx_word' id='word_1_372' title='bbox 250 3883 328 3932; x_wconf 79' lang='lat' dir='ltr'>Loris</span> <span class='ocrx_word' id='word_1_373' title='bbox 371 3885 536 3940; x_wconf 85' lang='lat' dir='ltr'>ceciderunt,</span> <span class='ocrx_word' id='word_1_374' title='bbox 570 3883 719 3932; x_wconf 81' lang='lat' dir='ltr'>&#39;deliciarum</span> <span class='ocrx_word' id='word_1_375' title='bbox 770 3883 892 3945; x_wconf 87' lang='lat' dir='ltr'>repetition</span> <span class='ocrx_word' id='word_1_376' title='bbox 914 3885 942 3936; x_wconf 76' lang='lat' dir='ltr'>ol</span> <span class='ocrx_word' id='word_1_377' title='bbox 964 3884 1090 3946; x_wconf 77' lang='lat' dir='ltr'>‘praemia&#39;</span> <span class='ocrx_word' id='word_1_378' title='bbox 1119 3885 1141 3931; x_wconf 92' lang='lat' dir='ltr'>in</span> <span class='ocrx_word' id='word_1_379' title='bbox 1165 3884 1205 3931; x_wconf 89' lang='lat' dir='ltr'>the</span> <span class='ocrx_word' id='word_1_380' title='bbox 1227 3884 1346 3948; x_wconf 78' lang='lat' dir='ltr'>following</span> 
     </span>
     <span class='ocr_line' id='line_1_40' title="bbox 147 3946 854 4009; baseline 0.003 -13"><span class='ocrx_word' id='word_1_381' title='bbox 147 3951 225 3997; x_wconf 71' lang='lat' dir='ltr'>caun&#39;</span> <span class='ocrx_word' id='word_1_382' title='bbox 241 3962 276 4009; x_wconf 76' lang='lat'>¹3·</span> <span class='ocrx_word' id='word_1_383' title='bbox 291 3961 328 4005; x_wconf 80' lang='lat' dir='ltr'>ta,</span> <span class='ocrx_word' id='word_1_384' title='bbox 341 3946 380 3998; x_wconf 81' lang='lat'>26.</span> <span class='ocrx_word' id='word_1_385' title='bbox 770 3951 854 3998; x_wconf 83' lang='lat' dir='ltr'>clause.</span> 
     </span>
     <span class='ocr_line' id='line_1_41' title="bbox 183 4014 1344 4080; baseline 0.002 -19"><span class='ocrx_word' id='word_1_386' title='bbox 183 4028 220 4076; x_wconf 79' lang='lat'>¹3·</span> <span class='ocrx_word' id='word_1_387' title='bbox 239 4017 387 4076; x_wconf 88' lang='lat' dir='ltr'>Utramque</span> <span class='ocrx_word' id='word_1_388' title='bbox 406 4016 587 4076; x_wconf 83' lang='lat' dir='ltr'>provinciam.</span> <span class='ocrx_word' id='word_1_389' title='bbox 620 4015 669 4062; x_wconf 90' lang='lat' dir='ltr'>Not</span> <span class='ocrx_word' id='word_1_390' title='bbox 682 4014 720 4062; x_wconf 87' lang='lat' dir='ltr'>the</span> <span class='ocrx_word' id='word_1_391' title='bbox 805 4027 842 4063; x_wconf 81' lang='lat'>21.</span> <span class='ocrx_word' id='word_1_392' title='bbox 866 4017 1018 4077; x_wconf 82' lang='lat' dir='ltr'>Campanus</span> <span class='ocrx_word' id='word_1_393' title='bbox 1040 4031 1104 4080; x_wconf 86' lang='lat' dir='ltr'>ager</span> <span class='ocrx_word' id='word_1_394' title='bbox 1132 4026 1158 4064; x_wconf 91' lang='lat' dir='ltr'>et</span> <span class='ocrx_word' id='word_1_395' title='bbox 1185 4015 1344 4064; x_wconf 81' lang='lat' dir='ltr'>Leontinus.</span> 
     </span>
     <span class='ocr_line' id='line_1_42' title="bbox 147 4079 1009 4145; baseline -0.001 -16"><span class='ocrx_word' id='word_1_396' title='bbox 147 4090 195 4129; x_wconf 75' lang='lat' dir='ltr'>two</span> <span class='ocrx_word' id='word_1_397' title='bbox 206 4081 325 4142; x_wconf 83' lang='lat' dir='ltr'>provinces</span> <span class='ocrx_word' id='word_1_398' title='bbox 335 4081 362 4127; x_wconf 82' lang='lat' dir='ltr'>os</span> <span class='ocrx_word' id='word_1_399' title='bbox 370 4081 438 4136; x_wconf 84' lang='lat' dir='ltr'>Gaul,</span> <span class='ocrx_word' id='word_1_400' title='bbox 454 4080 490 4127; x_wconf 85' lang='lat' dir='ltr'>lor</span> <span class='ocrx_word' id='word_1_401' title='bbox 502 4079 597 4129; x_wconf 83' lang='lat' dir='ltr'>Plancus</span> <span class='ocrx_word' id='word_1_402' title='bbox 610 4081 654 4127; x_wconf 79' lang='lat' dir='ltr'>still</span> <span class='ocrx_word' id='word_1_403' title='bbox 667 4080 719 4127; x_wconf 91' lang='lat' dir='ltr'>held</span> <span class='ocrx_word' id='word_1_404' title='bbox 769 4081 811 4128; x_wconf 84' lang='lat' dir='ltr'>See</span> <span class='ocrx_word' id='word_1_405' title='bbox 823 4095 854 4128; x_wconf 91' lang='lat' dir='ltr'>on</span> <span class='ocrx_word' id='word_1_406' title='bbox 867 4093 889 4130; x_wconf 85' lang='lat' dir='ltr'>a.</span> <span class='ocrx_word' id='word_1_407' title='bbox 902 4095 941 4145; x_wconf 74' lang='lat'>39,</span> <span class='ocrx_word' id='word_1_408' title='bbox 956 4093 1009 4128; x_wconf 83' lang='lat' dir='ltr'>rot.</span> 
     </span>
     <span class='ocr_line' id='line_1_43' title="bbox 147 4145 1345 4210; baseline -0.003 -15"><span class='ocrx_word' id='word_1_409' title='bbox 147 4147 223 4195; x_wconf 88' lang='lat' dir='ltr'>Gallia</span> <span class='ocrx_word' id='word_1_410' title='bbox 243 4146 390 4208; x_wconf 82' lang='lat' dir='ltr'>Transalpina</span> <span class='ocrx_word' id='word_1_411' title='bbox 410 4147 444 4208; x_wconf 83' lang='lat'>(5.</span> <span class='ocrx_word' id='word_1_412' title='bbox 464 4157 485 4200; x_wconf 82' lang='lat' dir='ltr'>a,</span> <span class='ocrx_word' id='word_1_413' title='bbox 503 4145 536 4206; x_wconf 84' lang='lat'>5).</span> <span class='ocrx_word' id='word_1_414' title='bbox 551 4147 592 4192; x_wconf 92' lang='lat' dir='ltr'>but</span> <span class='ocrx_word' id='word_1_415' title='bbox 606 4145 720 4206; x_wconf 80' lang='lat' dir='ltr'>Cisalpine</span> <span class='ocrx_word' id='word_1_416' title='bbox 804 4158 843 4194; x_wconf 84' lang='lat' dir='ltr'>aa.</span> <span class='ocrx_word' id='word_1_417' title='bbox 857 4149 989 4195; x_wconf 82' lang='lat' dir='ltr'>Annonae</span> <span class='ocrx_word' id='word_1_418' title='bbox 1008 4147 1173 4210; x_wconf 83' lang='lat' dir='ltr'>perfugium,</span> <span class='ocrx_word' id='word_1_419' title='bbox 1190 4151 1345 4194; x_wconf 79' lang='lat' dir='ltr'>&#39;outreserve</span> 
     </span>
     <span class='ocr_line' id='line_1_44' title="bbox 148 4211 876 4272; baseline -0.005 -12"><span class='ocrx_word' id='word_1_420' title='bbox 148 4213 207 4260; x_wconf 84' lang='lat' dir='ltr'>Gaul</span> <span class='ocrx_word' id='word_1_421' title='bbox 224 4213 270 4260; x_wconf 90' lang='lat' dir='ltr'>and</span> <span class='ocrx_word' id='word_1_422' title='bbox 287 4211 424 4260; x_wconf 87' lang='lat' dir='ltr'>Macedonia</span> <span class='ocrx_word' id='word_1_423' title='bbox 442 4213 526 4271; x_wconf 80' lang='lat' dir='ltr'>(see7.</span> <span class='ocrx_word' id='word_1_424' title='bbox 540 4223 560 4263; x_wconf 86' lang='lat'>1.</span> <span class='ocrx_word' id='word_1_425' title='bbox 573 4213 607 4272; x_wconf 73' lang='lat'>3).</span> <span class='ocrx_word' id='word_1_426' title='bbox 641 4211 720 4257; x_wconf 81' lang='lat' dir='ltr'>lleuoe</span> <span class='ocrx_word' id='word_1_427' title='bbox 769 4211 876 4258; x_wconf 66' lang='lat' dir='ltr'>olcom!</span> 
     </span>
     <span class='ocr_line' id='line_1_45' title="bbox 42 4275 1345 4338; baseline -0.002 -14"><span class='ocrx_word' id='word_1_428' title='bbox 42 4327 45 4332; x_wconf 75' lang='grc'>,</span> <span class='ocrx_word' id='word_1_429' title='bbox 147 4278 211 4324; x_wconf 88' lang='lat' dir='ltr'>there</span> <span class='ocrx_word' id='word_1_430' title='bbox 224 4281 241 4324; x_wconf 83' lang='lat' dir='ltr'>is</span> <span class='ocrx_word' id='word_1_431' title='bbox 252 4293 284 4324; x_wconf 92' lang='lat' dir='ltr'>no</span> <span class='ocrx_word' id='word_1_432' title='bbox 295 4278 441 4338; x_wconf 88' lang='lat' dir='ltr'>discrepancy</span> <span class='ocrx_word' id='word_1_433' title='bbox 452 4278 555 4322; x_wconf 88' lang='lat' dir='ltr'>between</span> <span class='ocrx_word' id='word_1_434' title='bbox 566 4275 720 4322; x_wconf 88' lang='lat' dir='ltr'>thisdemand</span> <span class='ocrx_word' id='word_1_435' title='bbox 804 4287 842 4334; x_wconf 80' lang='lat'>23.</span> <span class='ocrx_word' id='word_1_436' title='bbox 861 4275 960 4324; x_wconf 76' lang='lat' dir='ltr'>Cafoni</span> <span class='ocrx_word' id='word_1_437' title='bbox 975 4286 1000 4323; x_wconf 89' lang='lat' dir='ltr'>et</span> <span class='ocrx_word' id='word_1_438' title='bbox 1015 4275 1108 4322; x_wconf 80' lang='lat' dir='ltr'>Saxae.</span> <span class='ocrx_word' id='word_1_439' title='bbox 1137 4275 1178 4322; x_wconf 87' lang='lat' dir='ltr'>See</span> <span class='ocrx_word' id='word_1_440' title='bbox 1195 4277 1276 4324; x_wconf 85' lang='lat' dir='ltr'>above.</span> <span class='ocrx_word' id='word_1_441' title='bbox 1287 4291 1308 4323; x_wconf 90' lang='lat' dir='ltr'>c.</span> <span class='ocrx_word' id='word_1_442' title='bbox 1322 4288 1345 4337; x_wconf 83' lang='lat'>3,</span> 
     </span>
     <span class='ocr_line' id='line_1_46' title="bbox 146 4335 860 4404; baseline -0.006 -16"><span class='ocrx_word' id='word_1_443' title='bbox 146 4343 175 4388; x_wconf 89' lang='lat' dir='ltr'>ol&#39;</span> <span class='ocrx_word' id='word_1_444' title='bbox 194 4335 290 4404; x_wconf 77' lang='lat' dir='ltr'>Aulony</span> <span class='ocrx_word' id='word_1_445' title='bbox 309 4343 353 4389; x_wconf 84' lang='lat' dir='ltr'>and</span> <span class='ocrx_word' id='word_1_446' title='bbox 371 4341 422 4390; x_wconf 85' lang='lat' dir='ltr'>that</span> <span class='ocrx_word' id='word_1_447' title='bbox 440 4343 463 4386; x_wconf 87' lang='lat' dir='ltr'>in</span> <span class='ocrx_word' id='word_1_448' title='bbox 483 4339 523 4376; x_wconf 71' lang='lat' dir='ltr'>th·</span> <span class='ocrx_word' id='word_1_449' title='bbox 540 4349 594 4376; x_wconf 61' lang='lat' dir='ltr'>narr</span> <span class='ocrx_word' id='word_1_450' title='bbox 612 4339 720 4397; x_wconf 68' lang='lat' dir='ltr'>chapter:</span> <span class='ocrx_word' id='word_1_451' title='bbox 770 4347 860 4400; x_wconf 78' lang='lat' dir='ltr'>quote.</span> 
     </span>
    </p>
   </div>
   <div class='ocr_carea' id='block_1_5' title="bbox 0 0 1506 4706">
    <p class='ocr_par' dir='ltr' id='par_1_5' title="bbox 0 0 1506 4706">
     <span class='ocr_line' id='line_1_47' title="bbox 0 0 1506 4706; baseline 0 0"><span class='ocrx_word' id='word_1_452' title='bbox 0 0 1506 4706; x_wconf 95' lang='lat' dir='ltr'> </span> 
     </span>
    </p>
   </div>
  </div>
 </body>
</html>
