2868 4700
72 223 98 278 tt
113 223 217 272 ro-sa.
394 212 567 277 0R21T10
597 216 874 280 PHILIPPICA
902 217 932 279 l.
1063 285 1066 291 ,
1224 229 1262 298 ¹5

57 374 188 458 ,tandem
217 385 289 440 erat
317 397 431 440 causae
461 397 516 440 cur
543 379 579 440 in
607 387 756 440 senatum
784 377 935 440 hesterno
962 376 1015 440 die
1052 385 1120 440 tam
1148 377 1262 443 acerbe

70 480 207 560 cogerer?
242 479 375 543 Solusne
390 480 541 544 aberam?
565 501 608 544 an
624 499 690 544 non
707 499 802 564 saepe
817 469 1120 564 minus'lrequentes
1134 479 1262 546 fuistis?

71 600 109 644 au
121 603 158 645 ea
170 603 219 646 res
232 583 397 668 agebatur,
412 591 448 646 ut
464 585 565 648 etiam
583 583 728 666 aegrotos
747 583 861 674 defeni
877 586 1059 668 oporteret?
1082 583 1262 670 Hannibal,

71 685 168 769 credo,
181 695 249 750 erat
260 685 301 750 ad
317 696 437 771 portas,
450 695 506 750 aut
520 686 560 749 de
574 685 684 772 Pyrrhi
700 707 779 770 pace
789 675 955 772 ¹agebatur,
970 687 1010 750 ad
1024 707 1119 771 quarn
1134 705 1262 750 causam

72 790 164 850 etiam
177 790 260 873 Appi
332 791 436 874 illurn,
458 799 493 852 et
514 786 645 853 caecum
660 799 694 853 et
708 809 830 874 senem,
843 790 985 858 delatum
1000 810 1069 854 esse
1086 793 1289 854 memoriaes

30 907 61 956 ra
73 891 220 976 proditum
234 902 296 988 est,
330 893 383 956 De
394 885 680 977 supplicationibus
694 893 897 976 referebatur,
912 913 974 976 quo
989 895 1024 956 in
1039 912 1155 976 genere
1170 911 1264 956 sena-

73 1002 151 1056 tores
173 993 279 1063 deesse
309 1014 375 1059 non
404 996 519 1060 solent.
571 995 737 1079 Coguntur
766 997 855 1060 enim
885 1016 951 1060 non
979 996 1176 1081 pignoribus,
1205 996 1262 1060 sed

42 1121 46 1134 ·
74 1115 184 1182 enum,
203 1098 243 1161 de
266 1117 399 1182 quorum
417 1099 536 1162 honore
558 1101 674 1184 agitur,
700 1101 813 1182 gratia
813 1124 825 1182 3
853 1098 936 1182 quod
959 1098 1046 1162 idem
1062 1099 1110 1183 fit,
1130 1117 1203 1162 cum
1220 1099 1261 1162 de

74 1201 223 1284 triumpho
246 1201 390 1264 refertur.
430 1199 480 1264 lta
502 1203 574 1266 sine
588 1209 663 1266 cura
682 1203 829 1266 consules
845 1183 934 1287 ²sunt,
947 1211 984 1265 ut
1001 1221 1103 1286 paene
1125 1189 1260 1264 libenrm

74 1305 116 1364 sit
134 1305 265 1395 senatori
287 1323 353 1368 non
374 1303 493 1368 adesse.
534 1305 599 1391 Qi
620 1324 692 1368 cum
713 1306 792 1368 mibi
817 1324 886 1379 mos
909 1315 1003 1369 notus
1023 1312 1107 1367 esset
1127 1323 1261 1387 cumque
1275 1332 1306 1368 re

74 1425 92 1465 e
116 1409 164 1468 via
185 1407 367 1489 languerem
389 1415 424 1470 et
448 1408 599 1495 mihimet
623 1407 837 1499 displicerem,
860 1411 933 1472 misi
961 1425 1017 1492 pro
1036 1408 1185 1470 amicitia
1205 1409 1259 1489 qui

74 1507 130 1582 boc
149 1511 179 1572 ei
198 1510 330 1574 diceret.
374 1511 420 1574 At
444 1507 612 1576 illewvobis
633 1511 837 1575 audientibus
857 1529 930 1576 cum
954 1511 1053 1574 fabris
1074 1529 1109 1572 se
1130 1509 1261 1572 domum

75 1629 171 1674 meam
186 1623 356 1676 venturum
378 1633 447 1677 asse
461 1613 554 1678 dixit.
599 1615 711 1680 Nimis
733 1615 884 1678 iracunde
898 1615 958 1677 hoc
976 1613 1105 1696 quidem
1118 1622 1153 1675 et
1168 1612 1262 1676 valde

76 1716 322 1798 intemperanter.
377 1715 478 1781 Cuius
507 1719 596 1782 enim
620 1719 769 1782 maleficii
794 1727 886 1781 tanta
912 1719 975 1780 ista
1004 1736 1106 1800 poena
1134 1726 1195 1801 est,
1224 1726 1259 1778 ut

21 1821 23 1828 '
74 1816 170 1881 dicere
198 1821 232 1882 in
258 1820 319 1883 hoc
342 1820 455 1883 ordine
483 1819 613 1884 auderet
642 1842 677 1884 se
705 1821 841 1906 publicis
857 1810 979 1904 'operis
1012 1820 1260 1883 disturbaturum
1275 1839 1303 1889 15

68 1919 190 2001 publice
211 1941 250 1985 ex
271 1931 401 1987 senatus
423 1926 586 1988 sententia
618 1923 817 1988 aedificatam
846 1923 1000 1988 domum?
1044 1923 1127 2010 Qis
1152 1932 1260 1986 autern

75 2041 213 2105 umquam
234 2035 329 2090 tanto
347 2028 467 2090 damno
480 2038 661 2091 senatorem
675 2029 802 2111 coiigit?
822 2037 877 2090 aut
891 2027 967 2111 quid
982 2036 1031 2091 est
1046 2028 1128 2090 ultra
1146 2028 1261 2110 pignus

76 2135 127 2188 aut
146 2128 293 2194 multam?
338 2129 433 2215 Qod
455 2133 483 2193 si
509 2133 621 2194 scisset
643 2149 739 2214 quam
764 2133 961 2195 sententiam
985 2131 1126 2194 dictunrs
1145 2147 1260 2211 essem,

43 2233 66 2299 6
78 2231 239 2294 remisisset
252 2233 374 2316 aliquid
389 2233 531 2318 profecto
544 2233 585 2298 de
599 2236 772 2298 severitate
786 2235 950 2318 cogendi«
977 2235 1029 2297 An
1045 2253 1096 2296 me
1109 2233 1260 2316 censetis,

38 2341 67 2386 1³
80 2341 174 2413 patres
193 2339 377 2421 conscripti,
400 2337 483 2421 quod
503 2357 560 2400 vos
580 2339 677 2402 inviti
701 2339 801 2401 secuti
826 2340 916 2420 estis,
936 2337 1134 2401 decreturum
1151 2335 1260 2417 fuisse,
1274 2356 1306 2392 ao

79 2443 112 2496 ut
133 2441 301 2520 parentalia
325 2459 399 2504 curn
419 2441 703 2525 supplicationibus
727 2436 954 2505 miscerentur?
987 2449 1023 2503 ut
1049 2437 1261 2524 inexpiabiles

1331 2080 1338 2136 l

108 2683 130 2725 4.
149 2667 186 2716 De
204 2668 304 2730 Pyrrhi
322 2683 392 2730 pace
411 2670 558 2733 agebatur.
587 2669 640 2718 'Phe
724 2681 762 2716 ra.
783 2669 851 2716 Cum
874 2667 971 2714 fabris.
997 2668 1040 2728 Cp.
1061 2675 1121 2728 Μ,
1138 2677 1168 2728 19
1193 2667 1262 2714 ‘llue

81 2731 165 2779 slrrsioo
174 2735 192 2781 is
202 2743 227 2781 to
236 2734 277 2781 the
288 2735 382 2782 uduion
392 2737 422 2781 ol
430 2735 520 2792 Cineas,
532 2737 591 2782 after
599 2735 640 2782 tlte
689 2735 761 2782 etlam
772 2734 814 2780 nisi
824 2733 925 2779 venirem
933 2731 986 2778 Kal.
998 2732 1060 2792 Sept.
1071 2731 1141 2778 etiarn
1149 2732 1226 2778 fabros
1238 2747 1262 2780 se

81 2797 145 2844 battle
163 2799 191 2846 οἱ
208 2800 328 2864 Ηιηάα,
351 2799 399 2849 u8o
419 2802 492 2855 ΚΟ..
512 2801 580 2848 when
599 2801 640 2848 the
690 2801 811 2848 missurum
830 2807 854 2845 et
873 2798 969 2843 doraum
986 2810 1063 2844 meam
1085 2797 1263 2843 distrumumn

81 2871 142 2910 tenus
159 2866 186 2910 ol
200 2879 270 2925 peaoe
287 2865 340 2912 that
355 2866 455 2927 Pyrrhus
474 2866 560 2914 offered
579 2881 640 2913 were
689 2879 738 2914 esse
749 2863 822 2911 dixit·
854 2863 955 2910 Cicero's
971 2862 1044 2910 house
1058 2860 1104 2908 bad
1117 2861 1175 2908 been
1186 2862 1262 2922 pulled

80 2943 106 2972 ou
120 2929 157 2975 the
170 2931 232 2990 point
249 2931 278 2977 oi
291 2931 362 2994 being
378 2933 495 2993 accepted,
506 2933 541 2978 till
552 2931 639 2992 Appius
689 2930 758 2977 down
770 2929 852 2993 during
868 2929 903 2976 his
920 2928 979 2974 exile
995 2927 1019 2974 iu
1036 2926 1067 2988 58
1080 2927 1150 2982 B.C.‚
1167 2928 1212 2974 and
1229 2943 1264 2975 re·

80 2993 176 3042 Claudio
194 2996 281 3044 Caecus
303 2997 429 3056 persuaded
451 2996 492 3044 the
513 3007 592 3045 senate
614 3005 639 3042 to
689 2995 747 3042 built
764 3009 795 3042 on
812 2995 847 3042 lris
864 3003 941 3042 retum
959 2995 983 3040 in
1002 2992 1043 3040 the
1062 2993 1181 3056 following
1200 3007 1263 3056 year.

80 3059 214 3118 rejecttbeua
239 3061 294 3108 The
305 3061 388 3122 speech
399 3062 475 3110 which
486 3062 516 3110 he
525 3061 639 3109 delivered
689 3069 731 3108 out
749 3062 778 3107 os
794 3061 861 3107 fuuds
875 3061 971 3124 grant&
991 3059 1040 3107 him
1055 3059 1087 3121 by
1102 3059 1142 3106 the
1158 3067 1225 3114 state.
1239 3061 1263 3106 irr

81 3123 153 3171 ontbe
168 3127 274 3174 occasion
285 3141 334 3174 tras
352 3127 396 3175 stall
414 3135 493 3174 extant
508 3127 641 3175 incieero's
689 3127 747 3187 spite
759 3126 835 3173 ostiae
846 3127 933 3172 violent
944 3125 1076 3186 opposition
1087 3125 1116 3172 of
1121 3125 1145 3172 P.
1154 3125 1256 3173 Clodius

80 3189 220 3238 timenem
232 3194 297 3239 Brut.
311 3189 348 3248 16,
359 3190 400 3240 62.
726 3203 764 3251 15.
786 3191 913 3237 Publicis
940 3191 1039 3252 operis.
1083 3189 1142 3238 'l'hr’s
1169 3205 1210 3238 use
1236 3191 1266 3238 of

110 3256 177 3303 rr.E
198 3259 245 3305 via
266 3257 438 3322 languerem.
466 3258 589 3313 Ferrarius,
609 3271 640 3304 on
690 3256 807 3316 ‘operae'
824 3256 911 3303 sorthe
928 3265 1034 3304 concrete
1051 3256 1262 3316 ‘operarii'isuot

79 3319 113 3366 the
119 3321 232 3384 authority
240 3322 270 3368 ol
272 3322 338 3370 three
346 3323 418 3379 MSS..
426 3322 641 3386 urgestbereading
690 3322 819 3382 infrequeut
831 3320 855 3367 in
864 3320 957 3378 Cicero;
971 3337 1007 3382 op.
1015 3338 1036 3369 c.
1044 3335 1104 3386 9‚as
1117 3323 1165 3369 ‘Ut
1176 3323 1224 3382 ipse
1232 3323 1262 3370 ad

80 3387 120 3430 'de
140 3387 190 3442 ria:
211 3387 347 3451 comparing
368 3389 441 3436 Acad.
464 3388 526 3438 Post.
547 3397 638 3444 r.1‚t
690 3401 771 3448 operas
778 3386 944 3434 mercennarias
952 3387 1201 3448 statimprotrahatur;'
1212 3390 1263 3435 Att.

79 3449 135 3498 'litai
145 3453 173 3500 de
189 3453 226 3500 ria
242 3453 312 3501 sessura
323 3453 404 3510 esset;’
421 3453 499 3500 Somn.
514 3454 573 3514 scip.
586 3465 608 3508 r.
627 3465 640 3500 a
692 3467 715 3513 4.
733 3463 756 3512 3,
774 3463 788 3512 3
807 3451 897 3499 ‘Facile
911 3467 993 3512 operas
1010 3454 1074 3501 aditu
1082 3453 1263 3512 prohibuerunt!

80 3515 140 3576 (liep.
154 3515 176 3566 6.
190 3529 227 3574 to.
246 3517 285 3579 ro)
304 3518 367 3573 *Me
385 3520 448 3566 etde
464 3520 510 3574 via,
521 3529 545 3568 et
557 3519 597 3580 qui
611 3518 642 3564 ad
692 3517 723 3564 So
738 3517 795 3563 llor.
812 3515 834 3564 S.
853 3529 874 3564 a.
886 3525 909 3578 7.
927 3517 972 3565 118
990 3518 1107 3565 ‘Accedes
1123 3531 1192 3578 opera
1206 3531 1263 3580 agro

80 3581 165 3629 maltam
188 3591 284 3630 noctem
309 3583 446 3646 vigilassem,
474 3585 544 3632 artior
572 3597 642 3643 quam
691 3597 753 3629 nona
764 3581 864 3629 Sabino!

79 3647 158 3696 solebat
171 3663 265 3696 somnus
281 3649 414 3710 complexus
431 3658 466 3696 est
475 3651 490 3706 ς’
506 3649 552 3698 aud
568 3649 643 3697 Plaut.
727 3659 765 3694 ar.
782 3647 953 3695 Parentalia.
971 3645 997 3692 ln
1005 3646 1046 3693 the
1057 3646 1101 3693 d
1108 3647 1136 3694 oi
1141 3647 1264 3708 l'ebnrary,

80 3711 149 3760 Pseud.
162 3726 183 3762 a.
200 3727 223 3770 a.
235 3711 268 3761 ⁶⁶
287 3714 336 3760 ¹Ut
352 3715 486 3762 nauarent
499 3715 527 3762 de
544 3714 590 3770 via,
604 3727 642 3762 me
692 3712 742 3761 Cic.
753 3712 825 3776 legg.
835 3724 856 3760 a.
869 3723 908 3768 ar,
920 3724 959 3773 5⁴·
968 3711 1010 3758 the
1020 3713 1123 3759 Romam
1135 3712 1264 3760 celebrated

80 3779 125 3825 solo
141 3779 233 3828 curare'
270 3777 324 3826 'the
343 3780 420 3826 actual
442 3781 573 3840 expression
594 3780 642 3827 ‘de
691 3778 945 3826 alestivalirrbonour
953 3778 983 3824 of
990 3777 1229 3833 thedoad.‘l·'eralia‚'
1240 3786 1266 3825 at

80 3841 110 3888 ria
127 3843 246 3908 languere'
266 3843 382 3901 however,
399 3846 455 3892 does
471 3853 513 3891 not
532 3858 594 3892 seem
615 3852 642 3891 to
691 3843 768 3890 which
779 3843 886 3907 offerings
894 3857 955 3890 were
966 3842 1066 3906 brought
1073 3851 1098 3890 to
1109 3841 1170 3890 their
1180 3843 1265 3898 tombs,

79 3921 138 3956 oocur
148 3910 332 3965 ebewberasnd
342 3911 383 3958 the
393 3910 503 3973 majority
514 3911 543 3958 oi
550 3910 642 3965 editors.
691 3911 737 3958 and
753 3910 887 3972 panegyrice
904 3909 1052 3969 pronouncod
1068 3909 1091 3954 in
1108 3907 1169 3956 their
1184 3909 1266 3969 praise.

79 3973 187 4040 lollosriug
200 3975 243 4023 the
259 3975 358 4024 Vatioau
379 3976 436 4033 Ma.
453 3976 507 4024 here
525 3975 597 4023 retain
614 3981 643 4022 ‘e
691 3975 735 4036 Cp.
746 3975 827 4030 Varro.
839 3973 866 4022 L.
877 3974 903 4022 L.
915 3971 938 4021 6.
948 3985 977 4034 13
996 3973 1096 4020 'Feralia
1111 3974 1142 4021 ab
1154 3974 1265 4021 inseriset

79 4039 123 4086 ria'
693 4041 794 4095 feruido,
801 4040 863 4101 quod
872 4040 1002 4086 ferunttum
1010 4039 1088 4099 epulas
1095 4039 1123 4085 ad
1131 4039 1266 4099 seprrlcrum,

106 4105 237 4154 Mihiuret
262 4105 452 4167 displicerent,
485 4110 548 4154 ‘uras
575 4105 644 4154 indis·
692 4103 1005 4166 quitmtmtbiparenrare!
1033 4104 1132 4152 Cicero's
1144 4112 1266 4167 argument

77 4171 155 4230 posed!
187 4171 218 4218 So
237 4171 267 4218 ol
285 4173 372 4219 arenul
389 4172 487 4231 trouble,
512 4172 643 4233 ‘Displioeo
692 4170 747 4217 here
763 4169 790 4226 is,
803 4169 855 4217 that
871 4171 967 4231 Autoay
981 4169 1000 4216 is
1016 4169 1105 4232 mining
1120 4183 1153 4228 up
1169 4179 1217 4215 turo
1232 4169 1267 4214 in·

76 4235 127 4284 trihi
137 4252 180 4284 nee
190 4238 240 4284 siue
251 4236 326 4284 multo
340 4237 416 4286 scribo
429 4237 526 4296 dolore'
536 4238 586 4286 Cio.
593 4240 643 4285 Att.
692 4235 817 4284 consistent
827 4235 896 4282 kinds
912 4235 941 4281 oi
948 4234 1055 4297 religious
1072 4247 1208 4293 oereurony:
1226 4233 1267 4280 tlre

75 4313 96 4350 a.
109 4301 145 4358 18.
155 4314 178 4364 3.
694 4299 849 4354 'Parentalia'
861 4299 982 4346 addresaed
990 4299 1087 4356 direetly
1098 4305 1124 4340 to
1135 4295 1176 4340 the
1192 4296 1267 4350 dead:
