2970 4698
141 201 269 258 iis-lt
459 193 630 255 ORATIO
656 191 928 254 PHILIPPICA
955 191 1016 252 IV.
1280 204 1340 276 135

138 355 189 417 sed
203 375 281 420 ctum
298 355 437 418 immani
453 363 617 437 taetraque
632 354 737 437 belua,
751 372 832 436 quae
846 355 1000 436 quoniam
1015 354 1051 416 in
1066 351 1195 417 mvmm
1210 349 1340 434 incidit,

138 459 294 523 obnaanm
340 459 373 523 si
403 461 494 522 enim
524 459 608 521 illim
637 459 815 542 emerserit,
842 457 961 520 nullius
990 457 1139 542 supplicii
1169 457 1340 520 crudelitas

137 563 197 625 erit
219 562 408 629 recusanda
452 562 511 626 Sed
533 562 860 646 tenetm‚premit1u,
883 571 1031 643 urguetur
1053 561 1202 624 nunciis
1224 561 1340 642 copiis,

135 683 211 747 quas
237 667 406 750 habemus,
432 685 506 728 mox
533 667 586 748 iis,
608 683 687 747 quas
710 665 820 748 paucis
842 664 955 728 diebus
980 666 1058 728 novi
1082 663 1229 728 consules
1251 679 1341 726 com·

136 771 305 852 parabunt.
350 769 532 832 incumbite
547 771 584 831 in
598 787 740 852 causam,
757 767 915 854 Qirites,
931 777 967 831 ut
986 768 1105 831 facitis.
1152 765 1367 849 Numquamt

137 875 240 936 maior
262 892 437 936 consensus
458 883 564 936 vester
585 874 622 934 in
643 872 709 935 ulla
734 890 830 935 causa
856 871 932 956 fuit,
954 891 1128 956 numquam
1149 880 1218 934 tam
1244 869 1341 932 vehe-

137 985 265 1040 menter
280 996 354 1040 cum
367 985 482 1040 senatu
496 977 673 1040 consociati
689 976 806 1040 fuistis.
852 976 928 1039 Nec
946 978 1072 1039 mirum.
1117 974 1234 1065 Agitur
1251 973 1340 1037 enim

135 1099 202 1144 nnn
221 1099 288 1162 qua
307 1079 494 1144 conditione
507 1081 637 1164 victuri,
652 1079 708 1142 sed
727 1081 888 1143 victurine
905 1081 1004 1143 simus
1024 1099 1067 1143 an
1089 1098 1161 1144 cum
1183 1077 1341 1163 supplicio

87 1185 383 1268 „ignominiaque
420 1185 564 1267 perimri.
631 1183 832 1270 Qamquam
878 1193 1017 1262 mortem
1058 1181 1189 1266 quidem
1227 1189 1341 1245 natura

134 1289 288 1352 omnibus
317 1288 490 1372 proposuit,
516 1286 741 1351 crudelitatem
770 1290 883 1350 mortis
913 1295 946 1350 ct
977 1286 1111 1349 dedecus
1140 1287 1242 1347 virtus
1270 1297 1387 1368 pro-1⁰

136 1392 263 1476 pulsare
278 1392 373 1476 solet,
388 1411 468 1475 quae
489 1393 615 1476 propria
633 1401 682 1454 est
697 1390 839 1455 Romani
858 1391 985 1474 generis
1007 1399 1040 1453 et
1054 1390 1199 1452 seminis.
1243 1386 1340 1450 Hanc

136 1497 292 1580 retinete,
307 1514 436 1579 quaeso,
450 1514 545 1578 quam
561 1495 652 1558 vobis
673 1504 836 1578 tamquam
857 1494 1069 1558 hereditatem
1087 1494 1224 1556 maiores
1242 1493 1340 1556 vestri

136 1599 345 1682 reliquerunt
399 1598 490 1661 Nam
516 1617 590 1662 cum
618 1599 685 1661 alia
714 1600 826 1662 omnia
856 1599 936 1662 falsa
963 1601 1088 1663 incerta
1117 1598 1196 1682 sint,
1222 1594 1341 1660 caduca

137 1703 285 1787 mobilia
300 1705 401 1766 virtus
422 1711 471 1766 est
490 1721 555 1765 una
569 1702 739 1766 altissimis
757 1702 860 1766 defixa
880 1702 1051 1786 radicibus,
1066 1721 1147 1785 quae
1167 1719 1340 1784 numquam

137 1808 172 1868 vi
192 1805 260 1869 ulla
282 1806 467 1869 labefactari
493 1815 609 1890 potest,
625 1825 799 1890 numquam
815 1806 979 1870 demoveri
1003 1807 1082 1870 loco.
1129 1805 1203 1869 Hac
1220 1807 1340 1868 virtute
1355 1816 1384 1869 ιε

137 1911 277 1973 maiores
307 1912 404 1972 vestri
442 1911 583 1993 primum
612 1911 796 1974 universam
826 1908 957 1974 Italiam
993 1910 1192 1994 devicerunt,
1222 1908 1340 1973 deinde

138 2012 375 2096 Karthaginem
405 2013 603 2097 exciderunt,
633 2013 849 2078 Numantiam
876 2023 1072 2098 everterunt,
1098 2015 1340 2098 potentissimos

137 2133 243 2200 reges,
255 2117 517 2180 bellicosissimas
532 2125 646 2200 gentes
661 2119 697 2180 in
712 2117 986 2181 dicionemhuius
1002 2117 1130 2202 imperii
1142 2116 1340 2200 redegerunt.

97 2221 191 2289 unc
217 2221 393 2284 maioribus
413 2218 544 2303 quidem
569 2222 696 2304 vestris,
721 2221 880 2308 Qirites,
907 2240 980 2304 cum
1007 2240 1046 2284 eo
1071 2220 1162 2284 hoste
1185 2239 1235 2282 res
1261 2228 1340 2302 erat,

90 2335 125 2382 ιι
138 2325 195 2408 qui
218 2323 350 2386 haberet
372 2343 440 2386 rem
462 2323 636 2410 publicam,
656 2327 791 2408 curiam,
809 2325 979 2408 aerarium,
1000 2341 1191 2388 consensum
1208 2331 1242 2385 et
1264 2341 1341 2386 con·
1355 2337 1387 2374 20

138 2427 284 2490 cordiam
309 2428 445 2512 civium,
470 2429 631 2491 rationem
656 2428 808 2513 aliquam,
832 2430 861 2492 si
886 2429 934 2490 ita
956 2447 1006 2490 res
1031 2426 1168 2510 tulisset,
1192 2427 1280 2510 pacis
1307 2435 1340 2490 et

138 2529 296 2594 foederis:
316 2531 371 2594 hic
391 2538 499 2594 vester
522 2531 621 2594 hostis
640 2541 782 2595 vestram
804 2551 872 2594 rem
894 2529 1055 2615 publicam
1077 2538 1250 2614 oppugnat,
1273 2530 1341 2613 ipse

138 2634 238 2697 habet
268 2634 413 2697 nullam:
443 2644 603 2718 senatum,
633 2633 666 2697 id
696 2643 746 2698 est
776 2634 862 2698 orbis
892 2643 995 2698 terrae
1024 2633 1205 2712 consilium,
1235 2631 1340 2696 delere

138 2739 253 2822 gestit,
276 2739 345 2822 ipse
369 2738 542 2802 consilium
560 2738 722 2823 publicum
744 2737 868 2801 nullum
889 2735 1004 2800 habet:
1027 2738 1183 2802 aerarium
1198 2746 1341 2800 vestrum

139 2841 301 2926 exhausit,
320 2861 411 2938 suum
434 2841 625 2905 nonhabet.
669 2840 762 2905 Nam
784 2840 989 2904 concordiam
1007 2840 1129 2903 civium
1147 2842 1202 2924 qui
1224 2839 1340 2902 habere
1354 2847 1383 2900 ²5

140 3065 165 3112 lt
176 3064 195 3112 is
205 3063 246 3112 the
263 3065 396 3114 immediate
412 3081 513 3132 urgeuey
529 3068 558 3114 oi
571 3067 611 3116 the
622 3069 715 3132 danger,
767 3067 863 3127 obieeta.
874 3064 974 3114 without
990 3065 1059 3114 much
1071 3065 1141 3120 force,
1153 3064 1204 3114 that
1216 3064 1255 3114 the
1265 3063 1342 3114 whole

139 3138 184 3177 not
205 3129 245 3178 the
264 3140 380 3196 greatness
403 3133 432 3179 oi
447 3132 487 3179 the
509 3133 553 3180 evil
576 3133 717 3190 threatened,
767 3129 1341 3196 passageistoophilosophicallortheoccssiou.

139 3195 261 3244 whichhe
273 3196 291 3244 is
302 3196 418 3258 impressin
445 3199 651 3247 unhisaudience.
803 3195 840 3246 16.
857 3197 1026 3244 Universum
1048 3195 1172 3246 ltaliam.
1217 3195 1270 3244 The
1286 3211 1341 3246 con·

178 3261 248 3308 1.1n
272 3261 390 3310 foveam.
466 3263 484 3311 's
500 3279 594 3326 appears
611 3275 637 3312 tu
656 3263 716 3312 have
766 3271 833 3324 quest
849 3262 877 3310 oi
890 3262 950 3324 ltaly
961 3276 1008 3310 was
1019 3262 1149 3322 completed
1163 3262 1196 3325 by
1209 3262 1250 3310 the
1262 3263 1341 3312 reduc·

140 3327 426 3388 passedintoaproverb.
455 3329 717 3393 Cp‚PlautPers.4.4.
767 3327 817 3376 tion
834 3328 862 3376 ol
868 3327 972 3382 Volsinii,
991 3325 1037 3389 ²65
1049 3327 1113 3383 lic,
1124 3327 1198 3376 unless
1213 3327 1253 3377 the
1270 3327 1341 3376 Cisal·

140 3403 172 3454 45
186 3393 264 3439 ‘Pena
275 3393 298 3439 in
313 3393 404 3442 foveam
417 3394 507 3442 decidi!
766 3393 820 3454 pins
839 3393 909 3442 Gauls
926 3393 971 3440 and
989 3393 1109 3455 Liguriam
1126 3394 1155 3440 be
1171 3393 1283 3450 included.
1300 3393 1340 3442 the

177 3470 200 3506 a.
216 3457 301 3505 lllim.
338 3459 379 3506 See
391 3475 423 3505 on
435 3471 457 3508 a.
469 3471 509 3520 31,
523 3468 561 3522 77.
766 3459 834 3506 latter
845 3459 874 3506 oi
882 3458 960 3505 whom
971 3472 1031 3506 vere
1047 3468 1090 3505 not
1100 3457 1179 3521 finally
1189 3459 1291 3506 subdued
1307 3457 1341 3505 till

174 3522 288 3570 Nullius
300 3559 307 3571 .
319 3557 325 3570 .
338 3559 344 3571 .
356 3525 516 3580 recusanda,
533 3531 580 3572 ‘we
592 3523 646 3572 shall
658 3525 717 3572 have
769 3524 816 3585 158
828 3525 885 3572 B.C.

143 3603 175 3635 no
202 3602 281 3649 pover
303 3599 328 3636 to
351 3590 468 3650 repudiate
495 3605 541 3652 any
562 3589 717 3651 punishment.
802 3599 839 3652 17.
857 3588 1062 3654 Karthaginem
1144 3588 1332 3638 Numantiam.

142 3653 252 3702 however
262 3653 340 3702 cruel.’
372 3654 431 3702 This
443 3671 482 3704 use
497 3655 574 3703 nithe
585 3657 716 3719 gerundive‚
767 3655 810 3714 cp.
830 3653 877 3702 Off.
899 3665 920 3702 ι.
945 3667 983 3710 ιι,
1006 3665 1036 3716 35
1061 3652 1178 3702 'Maiores
1198 3654 1269 3702 nostri
1286 3689 1292 3701 .
1311 3689 1340 3703 ..

141 3728 169 3767 to
186 3719 271 3767 denote
287 3719 398 3782 capacity,
414 3721 433 3768 is
448 3721 555 3768 confined
571 3721 595 3767 in
610 3721 651 3768 the
667 3721 717 3768 best
767 3719 934 3782 Karthaginem
952 3729 976 3767 et
991 3719 1142 3766 Numantiam
1154 3719 1255 3768 hmdltus
1267 3728 1340 3768 sustu·

141 3799 210 3848 prose
229 3785 316 3832 writers
339 3793 364 3832 to
386 3787 493 3850 negative
512 3795 636 3834 sentenues.
675 3786 717 3834 See
767 3784 857 3833 lerunt·
891 3784 945 3832 The
961 3785 1235 3833 memorableresistauee
1257 3785 1285 3831 ui
1300 3785 1340 3833 the

143 3849 227 3898 Madv.
245 3855 258 3909 ς
276 3861 325 3912 4²0
342 3851 413 3907 Obs.;
430 3853 475 3899 and
491 3867 527 3914 cp.
542 3864 565 3914 5.
576 3865 601 3913 4,
613 3864 640 3900 ιι
660 3851 717 3899 ‘ie-
767 3849 835 3897 latter
854 3849 902 3911 city
920 3859 946 3897 to
964 3849 1039 3912 Scipio
1058 3850 1185 3906 Africanus,
1210 3863 1257 3912 1³⁴
1275 3851 1340 3906 B.c.‚

142 3916 213 3963 reuda
224 3915 288 3962 nulio
299 3916 370 3963 modo
381 3917 429 3964 est'
765 3915 842 3962 rather
861 3914 917 3962 than
934 3915 975 3963 the
994 3917 1134 3978 importunes
1151 3917 1179 3963 oi
1193 3915 1222 3963 its
1239 3925 1341 3976 capture,

178 3992 217 4028 ιι.
233 3981 357 4042 Propria,
370 3981 415 4030 uc.
447 3981 693 4047 See3.11‚29note.
765 3980 1340 4044 canesirtobeplacedinthenmeearegory

179 4057 217 4106 13.
234 4045 304 4094 Nam
321 4047 512 4096 enm...sint.
545 4047 716 4103 Sollalm.ior
764 4045 924 4110 asCsrthage.

142 4109 502 4226 lqhmqilnl'tlhnliff
519 4128 533 4159 ⁸
549 4113 721 4226 ”tutti
768 4109 1339 4226 rrlrtlllllhthhttt¹⁸⁶¹²²¹¹'““¹¹'·

143 4241 264 4290 alteration
277 4213 346 4307 bein’g
357 4244 476 4308 suggested
488 4192 723 4306 &inanemque
798 4255 836 4290 ιι.
845 4213 1007 4297 Rationem.
1018 4243 1071 4296 dte..
1082 4238 1339 4303 ‘somethingvhereon

144 4305 385 4372 ‘quamquam'with
396 4309 436 4356 the
453 4309 604 4368 subjunctive.
632 4309 720 4356 Kranae
770 4315 797 4354 to
808 4307 880 4353 found
891 4321 961 4366 peace
972 4306 1018 4360 and
1028 4304 1136 4351 tuentia·
