2970 4698
127 243 287 302 saa-⁴0.
463 235 632 300 orario
659 235 930 301 PHILIPPICA
965 237 997 298 ν.
1271 251 1332 324 159

77 413 115 462 ss
130 405 260 468 meritis
277 402 493 467 decernendos
515 404 651 468 bonores
673 421 769 487 quam
791 404 1008 488 amplissimos
1029 421 1156 468 censeo.
1198 403 1333 488 Semper

130 507 187 570 ille
210 509 361 592 populum
381 506 566 572 Romanum
588 507 724 570 liberum
740 507 842 572 voluit
864 509 1101 591 maximumque
1123 509 1252 592 signum
1275 509 1333 574 illo

4 631 9 646 *
129 610 185 674 die
205 611 295 674 dedit
310 611 488 675 voluntatis
508 620 542 674 et
561 610 676 675 iudicii
699 613 761 696 sui,
776 631 851 676 cum
866 611 1014 675 Antonio
1032 612 1182 676 diadema
1197 611 1331 676 Caesari

130 716 323 799 imponente
345 735 379 778 se
399 715 517 778 avertit
531 716 715 799 gemituque
737 725 771 778 et
791 717 956 780 maestitia
973 715 1161 799 declaravit,
1175 724 1331 800 quantum

130 817 264 882 baberet
286 818 397 882 odium
420 819 597 902 servitutis,
618 835 714 901 quam
737 819 886 903 populum
907 817 1095 882 Romanum
1116 819 1251 883 liberum
1277 829 1361 882 σω

132 931 235 1016 peret,
249 941 345 1005 quam
368 922 435 1006 illa,
449 940 531 1003 quae
550 922 679 1006 tulerat,
694 931 874 1004 temporum
897 923 999 1008 magis
1022 925 1215 987 necessitate
1236 941 1333 1006 quam

132 1027 256 1090 iudicio
283 1026 421 1092 tulisset.
476 1025 608 1113 Qanta
633 1043 710 1088 vero
735 1026 765 1088 is
790 1024 1011 1090 moderatione
1041 1045 1115 1091 usus
1130 1027 1185 1121 'sit
1212 1027 1247 1089 in
1274 1023 1333 1090 illo

131 1139 279 1213 tempore
308 1129 465 1213 civitatis,
490 1127 574 1212 quod
600 1138 671 1212 post
696 1138 834 1193 mortem
859 1127 1011 1194 Caesaris
1036 1139 1244 1194 consecutum
1269 1139 1332 1214 est,

3 1275 5 1282 ,
130 1235 205 1318 quis
237 1242 380 1297 nostrum
412 1232 561 1296 oblivisci
593 1233 729 1315 potest?
782 1231 907 1317 Magna
938 1234 1029 1317 haec,
1053 1234 1109 1297 sed
1138 1235 1178 1297 ad
1209 1236 1332 1298 maiora

78 1364 118 1412 ω
132 1345 279 1422 properat
292 1337 407 1400 oratio.
449 1335 539 1422 Qid
553 1335 655 1420 eninr,
665 1353 687 1398 o
701 1335 735 1399 di
751 1335 965 1400 immortales!
987 1337 1208 1400 admirabilius
1222 1338 1331 1400 omni·
1348 1355 1379 1391 ιο

132 1443 191 1506 bus
208 1440 370 1526 gentibus,
383 1439 461 1522 quid
479 1440 621 1524 optatius
641 1440 757 1522 populo
771 1438 924 1503 Romano
940 1440 1086 1503 accidere
1102 1441 1208 1523 potuit
1223 1457 1332 1523 quam,

131 1564 207 1610 cum
235 1544 355 1608 bellum
383 1544 480 1608 civile
510 1543 688 1607 maximum
717 1551 812 1626 esset,
841 1544 931 1607 cuius
961 1543 1037 1606 belli
1067 1545 1190 1606 exitum
1220 1561 1333 1607 omnes

131 1651 333 1733 timeremus,
354 1648 551 1732 sapientia†
568 1648 670 1710 etiam
693 1645 728 1709 id
750 1647 856 1730 potius
878 1647 1039 1731 exstingui
1060 1665 1158 1731 quam
1180 1649 1279 1712 aruris
1299 1655 1332 1710 et

131 1753 300 1816 terrorem
319 1754 354 1814 in
369 1751 543 1817 discrimen
565 1748 744 1814 adducere?
787 1749 884 1837 Qod
902 1751 930 1812 si
951 1749 1064 1813 eadem
1084 1752 1169 1815 ratio
1183 1749 1332 1816 Caesaris

2 1830 11 1859 ’
131 1855 248 1920 fuisset
272 1857 308 1918 in
331 1856 390 1919 illo
410 1863 515 1918 taetro
538 1855 717 1936 miseroque
743 1851 839 1937 belm,
862 1862 898 1917 ut
919 1853 1072 1916 omittam
1095 1863 1231 1939 patrem,
1255 1854 1333 1917 duos
1348 1865 1377 1916 ¹5

131 1959 196 2026 Cn.
212 1958 357 2044 Pompei,
371 1959 489 2022 summi
503 1967 537 2021 et
551 1957 722 2041 singularis
736 1957 812 2039 viri,
827 1956 910 2020 filios
928 1957 1106 2021 incolumes
1126 1957 1333 2022 haberemus:

131 2064 247 2148 quibus
283 2071 370 2127 certe
406 2064 509 2146 pietas
539 2059 643 2124 fraudi
673 2077 743 2123 esse
772 2078 838 2122 non
867 2060 988 2125 debuit.
1044 2059 1185 2126 Utinam
1217 2079 1332 2126 omnes

132 2167 183 2233 M.
200 2166 340 2252 Lepidus
361 2184 486 2229 servare
507 2163 685 2248 potuisset!
729 2161 898 2227 Facturum
920 2164 1019 2230 fuisse
1039 2164 1215 2228 declaravit
1231 2166 1267 2227 in
1282 2184 1333 2250 eo,

132 2271 218 2355 quod
247 2271 362 2355 potuit,
391 2287 465 2333 cum
493 2267 563 2332 Sex.
593 2265 781 2350 Pompeium
810 2267 953 2331 restituit
987 2269 1129 2352 civitati,
1157 2270 1334 2331 maximum

133 2383 360 2439 ornamentum
383 2373 429 2436 rei
453 2371 609 2456 publicae,
631 2369 845 2434 clarissimum
872 2382 1117 2435 monumentum
1139 2370 1333 2434 clementiae
1348 2387 1379 2422 ²0

134 2498 220 2542 suae.
263 2477 383 2542 Gravis
400 2475 457 2539 illa
470 2474 600 2538 fortuna
618 2473 726 2558 populi
741 2472 896 2558 Romani,
911 2493 1007 2558 grave
1021 2474 1135 2538 fatum.
1179 2473 1334 2557 Pompeio

134 2583 225 2646 enim
248 2590 348 2664 patre,
370 2577 454 2662 quod
475 2579 613 2662 imperio
638 2577 747 2662 populi
772 2576 914 2641 Romani
943 2577 1052 2640 lumen
1078 2577 1152 2660 fuit,
1173 2579 1335 2642 exstincto

79 2713 121 2760 40
136 2685 324 2749 interiectus
342 2693 392 2747 est
411 2683 511 2768 patris
530 2680 715 2744 simillimus
734 2679 826 2742 filius.
870 2677 931 2742 Sed
951 2680 1064 2744 omnia
1084 2681 1165 2742 mihi
1185 2681 1334 2744 videntur

134 2789 267 2852 deorum
290 2786 522 2850 immortalium
545 2783 667 2848 iudicio
689 2784 829 2867 expiata,
847 2782 919 2846 Ser.
942 2781 1096 2866 Pompeio
1118 2785 1164 2845 rei
1188 2783 1335 2868 publicae

72 2889 122 2956 15
135 2901 336 2958 conservato.
391 2890 500 2978 Qam
525 2890 567 2952 ob
594 2905 723 2952 causam
750 2888 869 2950 iustam
894 2894 990 2967 atque
1016 2903 1166 2970 magnam
1192 2894 1226 2949 et
1251 2886 1334 2970 quod
1349 2904 1378 2954 25

135 2996 441 3082 periculosissimum
467 2991 565 3058 civile
591 2991 710 3055 bellum
736 2991 976 3075 maximumque
1001 2989 1203 3054 humanitate
1228 2999 1261 3053 et
1284 3009 1334 3054 sa-

135 3102 261 3186 pientia
274 3119 331 3163 sua
341 3097 390 3162 M
400 3096 539 3182 Lepidus
554 3095 595 3160 ad
609 3113 721 3178 pacem
734 3093 1000 3177 concordiamque
1014 3095 1189 3176 convertit,
1204 3101 1334 3158 senatus

134 3203 317 3270 consultum
339 3202 390 3266 his
411 3201 519 3265 verbis
541 3218 658 3265 censeo
680 3197 959 3284 perscribendum:
984 3196 1069 3264 Cum
1092 3218 1113 3262 a
1135 3196 1185 3261 M.
1210 3195 1334 3282 Lepido

136 3391 214 3438 power
233 3378 263 3424 of
278 3375 319 3423 the
338 3374 476 3436 opposition,
495 3372 576 3420 should
598 3370 639 3419 the
657 3371 710 3419 civil
760 3369 906 3434 ingseetlon.

136 3443 263 3506 wagris
274 3439 408 3489 hreslrout.
797 3447 835 3498 14.
854 3438 1003 3486 Adducere.
1037 3435 1081 3483 We
1093 3435 1175 3484 should
1186 3435 1264 3483 rather
1275 3436 1335 3484 hsre

170 3518 193 3567 3.
216 3509 356 3556 Diadema.
390 3505 467 3554 sees.
480 3513 520 3564 34.
532 3501 563 3564 85
576 3509 650 3548 notes.
761 3503 871 3563 expected
899 3508 967 3549 ‘rem
991 3499 1088 3558 adduci:
1116 3501 1270 3565 msintalning
1293 3501 1335 3549 the

171 3581 195 3636 7.
214 3574 322 3634 stnts
358 3571 555 3620 moderatione.
600 3565 711 3678 Hehhsd
761 3567 920 3644 formnolthe
939 3566 1045 3627 previous
1062 3566 1146 3644 eluisse,¹
1162 3568 1204 3644 but
1221 3565 1262 3613 the
1280 3566 1334 3614 civil

136 3637 246 3752 tlt}
253 3631 711 3750 tshttlltltdelatlz
760 3632 1173 3760 thaatstittllzffits}
1187 3641 1335 3746 effi:

136 3771 205 3818 lstter
232 3770 307 3834 began
335 3777 361 3815 to
388 3767 496 3815 abendon
523 3764 564 3812 the
591 3763 712 3811 moderate
761 3763 894 3811 toscrisis.

136 3831 532 3896 murseinvhlehhehsdbegun.
798 3836 836 3891 17.
854 3829 955 3882 Pietas,
971 3827 1109 3890 ‘sympsrhy
1132 3827 1259 3884 withred
1277 3828 1335 3890 duty

174 3911 212 3948 12.
235 3899 340 3948 Bellum
376 3899 470 3952 civile.
503 3891 550 3943 the'
574 3908 622 3941 wsr
654 3893 712 3941 with
761 3893 1035 3941 towardstheirsatherl

137 3961 520 4026 strerompeucueontinued
538 3961 598 4008 alter
608 3959 712 4008 Caesen
797 3970 834 4022 19.
854 3959 994 4008 Restituit.
1030 3957 1150 4020 Seeonp.
1161 3971 1185 4022 9,
1198 3969 1237 4018 23.

138 4030 217 4079 death.
798 4037 835 4072 υ.
855 4024 1098 4085 Qtod...lumen
1118 4023 1178 4072 luit.
1206 4023 1336 4085 Optat,

175 4105 213 4158 13.
238 4095 388 4158 Sapientis.
420 4093 490 4142 Some
520 4091 605 4141 second
638 4091 712 4138 virtue
762 4098 869 4152 54note.

138 4169 251 4210 seemsto
266 4163 295 4208 be
312 4159 416 4222 required
432 4159 533 4214 hermo
550 4157 712 4205 helmwar-
797 4168 835 4216 ²3·
854 4154 949 4202 Filius.
989 4153 1033 4203 Cu
1056 4153 1186 4214 Pompeius,
1209 4152 1250 4200 the
1274 4153 1336 4202 elder

139 4226 307 4276 messuro:
336 4225 388 4273 The
399 4234 463 4272 want
474 4222 713 4284 hasbeenvsriotuly
762 4219 857 4268 brother
883 4219 912 4266 of
931 4218 1020 4275 Sextus,
1043 4233 1090 4266 was
1112 4218 1227 4266 wounded
1249 4218 1273 4266 in
1295 4219 1336 4268 the

140 4291 242 4354 supplied
259 4293 291 4354 by
310 4297 349 4338 ‘et
369 4290 506 4346 clementia:
525 4295 564 4337 ‘et
581 4297 713 4336 mansuetu·
763 4287 834 4334 battle
843 4285 869 4332 ol
882 4283 971 4332 Munda
989 4283 1272 4346 (Mareh17.B.O.45)‚
1290 4287 1335 4332 md

140 4357 209 4412 elne:
226 4369 255 4406 or
265 4363 271 4384 ⁸
280 4367 303 4405 et
320 4354 479 4416 humanitste:
493 4357 553 4404 bom
565 4353 605 4404 the
623 4354 713 4402 follow·
763 4351 851 4414 shortly
861 4349 995 4398 afterwards
1005 4347 1114 4408 captured
1126 4348 1170 4394 and
1182 4347 1247 4394 slsin.
