2868 4700
75 253 203 310 ιιι-11.
405 241 578 302 ORATIO
605 239 884 304 PHILIPPICA
910 242 961 304 II.
1237 262 1276 324 ιι

72 405 190 488 civem,
205 411 375 487 tamquam
390 406 431 470 ad
446 407 566 470 bonum
581 407 699 491 virum,
714 426 780 470 non
800 415 966 491 tamquam
981 408 1022 472 ad
1041 407 1231 472 sceleratum
1246 419 1280 472 et

73 507 244 570 latronem.
289 508 336 572 At
353 527 414 594 ego
435 517 508 573 tiras
526 509 661 594 litteras,
675 512 739 573 etsi
757 512 825 574 iure
846 520 991 595 poteram
1009 531 1029 575 a
1051 521 1084 575 te
1103 512 1280 597 lacessitus,

73 619 183 674 tamen
200 631 270 674 non
292 611 471 695 proferam:
491 615 606 695 quibus
623 615 707 698 petis
727 623 763 677 ut
777 615 840 678 tibi
863 635 918 699 per
939 633 992 677 me
1011 615 1107 679 liceat
1121 616 1280 699 quendam

72 713 111 776 de
124 714 245 777 exsilio
259 715 421 799 reducere,
435 715 623 800 adiurasque
645 719 678 781 id
693 725 726 780 te
745 719 852 781 invito
867 737 920 782 me
941 738 1007 782 non
1026 737 1095 782 esse
1110 719 1279 803 facturum,

74 817 168 899 idque
183 837 207 880 a
220 837 275 881 me
290 819 454 902 impetras
498 820 587 906 Qid
603 823 693 884 enim
705 839 757 884 me
774 823 1011 905 interponerem
1025 822 1178 886 audaciae
1193 831 1279 906 tuae,
1293 837 1308 887 5

73 941 168 1003 quam
202 939 307 1004 neque
335 925 510 986 auctoritas
538 925 631 987 huius
659 925 782 988 ordinis
811 945 914 1008 neque
943 927 1142 990 existimatio
1172 926 1278 1010 populi

34 1043 63 1089 ιο
73 1025 222 1088 Romani
244 1045 348 1109 neque
369 1027 456 1110 leges
471 1027 553 1090 ullae
576 1037 708 1112 possent
724 1031 892 1094 coarcere?
936 1028 1055 1092 Verum
1069 1039 1182 1093 tamen
1202 1028 1278 1113 quid

74 1139 141 1192 erat
163 1129 252 1212 quod
274 1149 327 1194 me
348 1149 487 1214 rogares,
508 1131 537 1193 si
560 1141 628 1195 erat
651 1133 691 1215 is,
712 1131 753 1194 de
778 1151 841 1215 quo
863 1133 1007 1217 rogabas,
1033 1133 1183 1198 Caesaris
1209 1133 1279 1217 lege

74 1233 247 1296 redums?
290 1232 350 1296 Sed
374 1232 528 1298 videlicet
556 1253 663 1298 meam
688 1237 826 1320 gratiam
855 1237 1065 1319 voluitesse,
1090 1238 1211 1319 inquo
1237 1255 1278 1298 ne
1345 1235 1352 1326 ζ

75 1337 177 1420 ipsius
190 1335 323 1419 quidem
337 1336 402 1400 ulla
416 1355 487 1400 esse
502 1346 627 1420 poterat
640 1339 711 1422 lege
727 1339 802 1403 lata.
1294 1357 1325 1394 ¹0

44 1445 63 1510 5
115 1439 181 1504 Sed
209 1459 284 1503 cum
314 1440 408 1522 mihi,
438 1448 545 1525 patres
573 1443 759 1526 conscripti,
789 1452 823 1507 et
853 1462 910 1528 pro
940 1462 993 1506 me
1028 1441 1149 1524 aliquid
1180 1451 1213 1502 et
1243 1441 1279 1502 in

74 1543 123 1608 M.
151 1545 336 1608 Antonium
361 1544 464 1608 multa
486 1544 623 1608 dicenda
642 1547 721 1630 sint,
744 1547 880 1610 alterum
904 1555 980 1631 peto
1003 1565 1023 1609 a
1047 1546 1139 1608 vobis
1165 1531 1201 1607 ut
1226 1563 1279 1606 me

75 1667 131 1732 pro
155 1667 210 1710 me
230 1648 394 1711 dicentem
416 1648 567 1733 benigne,
582 1649 718 1713 alterum
739 1652 807 1735 ipse
830 1649 969 1713 efficiam
989 1657 1035 1732 ut,
1056 1656 1168 1712 contra
1189 1647 1280 1710 illum

75 1771 151 1815 cum
174 1751 293 1834 dicam,
313 1759 439 1816 attente
461 1753 609 1817 audiatis.
652 1753 754 1817 Simul
773 1753 851 1819 illud
874 1773 947 1819 oro:
970 1755 999 1817 si
1022 1772 1130 1817 meam
1149 1771 1224 1816 cum
1243 1753 1279 1814 in

76 1856 170 1919 omni
184 1856 265 1939 vita,
277 1864 348 1920 tum
363 1855 547 1920 indicendo
561 1856 818 1921 moderationem
833 1857 1087 1940 modestiamque
1103 1856 1279 1941 cognostis,
1296 1870 1323 1919 ¹5

78 1981 119 2022 ne
146 1979 200 2022 me
221 1959 330 2043 hodie,
353 1978 426 2022 cum
447 1961 515 2042 isti,
537 1969 573 2022 ut
596 1962 793 2044 provocavit,
817 1961 1020 2044 respondem,
1046 1961 1184 2022 oblitum
1209 1978 1280 2022 esse

77 2066 199 2147 putetis
222 2053 299 2126 n'rei.
345 2062 427 2126 Non
448 2065 594 2127 tractabo
615 2073 651 2127 ut
673 2065 854 2128 consulem:
877 2083 918 2126 ne
941 2064 995 2127 ille
1017 2064 1146 2146 quidem
1169 2081 1221 2124 me
1243 2068 1279 2124 ut

77 2166 288 2231 oonsrrlarem.
333 2165 404 2230 Etsi
427 2167 483 2229 ille
505 2167 593 2230 nullo
615 2167 711 2231 modo
733 2169 856 2252 consul,
879 2168 930 2230 vel
952 2168 1035 2250 quod
1058 2167 1106 2230 ita
1125 2167 1209 2229 vivit
1228 2165 1280 2227 vel

78 2271 161 2354 quod
175 2273 223 2333 ita
237 2289 307 2332 rem
323 2269 484 2353 publicam
497 2271 581 2354 gerit
596 2271 649 2334 vel
663 2272 747 2354 quod
770 2273 819 2335 ita
833 2271 936 2335 factus
959 2279 1026 2334 est:
1050 2289 1109 2355 ego
1124 2271 1196 2333 sine
1214 2269 1280 2333 ulla

44 2375 299 2438 ucontroversia
320 2373 506 2437 consularis.
550 2373 601 2440 Ut
625 2377 723 2460 igitur
745 2375 980 2460 intelligeretis,
1003 2373 1129 2458 qualern
1150 2374 1218 2456 ipse
1244 2391 1278 2434 se
1295 2389 1327 2424 20
1382 2357 1385 2364 ’

81 2571 655 2628 thediliereuceoimood‚inthat‘rualeexisti-
706 2575 778 2622 found
797 2575 821 2623 in
844 2574 884 2622 the
906 2573 1032 2637 beginning
1054 2572 1082 2620 ol
1104 2568 1280 2618 Demosthenes'

81 2639 148 2684 mern·
163 2639 219 2700 only
231 2653 349 2700 expresses
363 2638 403 2686 the
417 2639 501 2703 charge
515 2639 593 2688 which
608 2642 656 2688 An·
705 2640 788 2702 speech
801 2641 830 2688 de
847 2641 949 2695 Corona,
965 2653 988 2700 p.
1003 2635 1056 2686 226.
1071 2648 1102 2685 20
1118 2635 1189 2698 φύσει
1207 2635 1280 2683 aisis

82 2715 137 2764 tnny
146 2704 222 2768 might
239 2705 302 2750 have
319 2705 431 2764 expected
443 2705 526 2752 Cicero
543 2715 568 2753 to
585 2705 656 2753 make
705 2705 833 2766 ἀνθρόιοιι
850 2702 960 2766 ὑπάρχει,
976 2705 1025 2750 τῶν
1042 2701 1086 2761 μὲν
1102 2703 1224 2764 λοιδοριῶν
1240 2699 1279 2748 sal

81 2771 167 2832 against
189 2770 257 2823 him;
284 2769 388 2816 whereas
410 2771 565 2820 ‘scribebam'
585 2772 656 2818 intro·
705 2773 754 2819 reis
770 2771 918 2831 κοπιγοριῦν
936 2767 1030 2817 hodera
1046 2765 1126 2825 ἡδέος,
1145 2768 1195 2816 reis
1216 2767 1279 2814 tra-

83 2833 419 2883 ducestheactualsubstance
431 2835 460 2882 of
467 2835 508 2885 the
518 2837 594 2885 letter.
705 2835 773 2886 νοῧσι
800 2836 821 2883 δ’
845 2833 932 2884 sireis
958 2831 1083 2896 ἄχθεσθαι.
1116 2831 1280 2895 Accordingly,

121 2913 143 2960 3.
166 2900 325 2960 Quendam.
370 2900 451 2948 Sextus
485 2901 588 2958 Clodius,
615 2901 656 2950 the
705 2902 774 2950 while
794 2901 933 2963 judiciously
953 2899 1097 2964 apologising
1116 2900 1152 2945 lor
1171 2898 1211 2945 the
1229 2905 1280 2958 part

83 2967 129 3012 tool
140 2966 168 3012 οι
176 2965 203 3012 P.
214 2965 319 3020 Clodius,
330 2975 372 3014 not
386 2965 426 3014 the
439 2966 578 3014 rhetorician
591 2983 655 3015 men-
705 2968 845 3030 concerning
859 2966 958 3020 himself,
975 2965 1005 3012 he
1022 2965 1086 3028 gains
1100 2973 1189 3028 greater
1206 2972 1282 3010 atten-

85 3031 160 3078 tioned
172 3033 256 3078 above.
705 3033 756 3080 tion
771 3048 829 3080 even
841 3035 877 3079 ior
888 3031 934 3078 this
951 3030 1044 3092 portion
1061 3031 1090 3076 oi
1101 3029 1135 3076 his
1146 3029 1237 3089 speech,
1249 3029 1281 3091 by

115 3110 139 3159 9.
155 3097 249 3144 Meam
269 3095 399 3160 gratiam.
411 3094 456 3144 ‘he
471 3097 558 3145 wished
575 3113 613 3146 nre
630 3107 656 3146 to
706 3098 746 3146 the
765 3099 865 3158 promise
882 3098 911 3144 ot'
918 3096 959 3144 the
974 3111 1040 3143 more
1053 3095 1156 3159 exciting
1167 3095 1281 3142 invective

85 3159 142 3208 hare
152 3162 192 3209 the
202 3161 277 3209 credit
289 3161 317 3208 os
325 3161 358 3211 it'
706 3163 783 3211 which
797 3165 817 3211 is
828 3173 854 3211 to
866 3163 951 3210 follow.
985 3161 1028 3208 His
1041 3161 1129 3221 appeal,
1142 3170 1190 3219 too,
1203 3169 1230 3207 to
1246 3159 1281 3206 his

118 3239 154 3274 ιο.
170 3227 249 3290 Lege
268 3228 345 3276 lata:
363 3241 400 3274 see
414 3237 435 3277 1.
450 3241 470 3282 r,
483 3239 506 3290 3.
521 3227 598 3276 where
609 3229 656 3277 An·
706 3230 769 3277 usual
786 3229 931 3276 moderatiori
949 3228 967 3276 is
984 3235 1026 3274 not
1037 3226 1137 3273 without
1153 3226 1181 3273 its
1195 3226 1280 3286 object.

87 3301 140 3354 tony
159 3292 176 3339 is
196 3293 342 3353 represented
364 3308 388 3340 as
406 3293 521 3355 expressly
541 3294 656 3358 declaring
706 3310 732 3342 as
752 3295 842 3358 serving
862 3303 887 3340 ιο
907 3293 971 3342 show
990 3292 1042 3340 that
1060 3291 1159 3354 nothing
1181 3291 1223 3337 hut
1241 3290 1281 3338 the

87 3357 135 3404 that
144 3357 227 3406 Sextus
238 3357 332 3405 Clodius
343 3373 390 3405 was
401 3357 443 3405 the
454 3373 499 3406 one
509 3359 569 3406 exile
577 3359 656 3406 whom
706 3360 805 3422 atrocity
817 3360 845 3407 oi
858 3359 896 3406 the
913 3375 965 3406 case
981 3358 1049 3406 could
1061 3357 1121 3404 have
1137 3357 1173 3404 led
1190 3357 1239 3404 him
1256 3365 1281 3403 ιο

88 3421 125 3469 the
142 3433 179 3470 aet
202 3423 256 3470 that
278 3424 362 3471 Caesar
385 3423 431 3471 had
454 3425 535 3485 passed
557 3426 658 3473 restored
706 3425 778 3474 break
794 3424 858 3472 forth
875 3434 899 3473 at
916 3424 972 3473 such
989 3423 1068 3488 length
1085 3437 1117 3468 on
1133 3423 1174 3470 the
1190 3430 1281 3484 present

89 3488 155 3535 tohis
164 3497 272 3550 οοιιιιιιγ.
706 3491 821 3539 occasion.

119 3552 400 3618 ce.5-7.Ap'ologiaing
414 3553 460 3614 scr
481 3553 516 3602 his
537 3554 659 3603 ιιιιιοοιιιιιὶ
742 3556 882 3620 19.Quod
904 3555 945 3603 ita
968 3555 1060 3603 factus
1082 3561 1133 3601 est.
1167 3551 1233 3600 Since
1252 3551 1282 3600 he

89 3619 177 3680 ιςοιὶιιιι
188 3621 212 3666 ira
223 3619 333 3730 muimg
343 3620 373 3681 os
378 3619 413 3667 In's
424 3635 474 3668 own
486 3621 570 3676 merita,
578 3621 657 3668 Cicero
706 3622 752 3670 had
765 3623 823 3669 been
839 3621 974 3668 nominated
991 3622 1023 3683 by
1034 3621 1126 3674 Caesar.
1138 3626 1181 3665 not
1195 3619 1281 3666 elected

90 3697 182 3731 annom
196 3684 231 3730 the
247 3693 311 3732 αιιαο
335 3685 408 3733 which
418 3685 512 3746 Aaou,
525 3686 575 3733 had
590 3687 657 3733 made
707 3690 722 3737 b
751 3687 791 3734 the
808 3683 921 3734 ireevote
938 3687 967 3732 oi
978 3685 1018 3733 the
1035 3686 1124 3746 people.
1157 3685 1200 3744 Cp.
1209 3700 1230 3733 c.
1243 3697 1282 3746 3²·

90 3756 145 3809 spon
166 3750 200 3797 his
221 3749 356 3812 matun,
379 3750 406 3810 by
428 3750 552 3816 cppealing
570 3759 594 3798 to
622 3751 658 3799 ebs
709 3765 740 3818 79
757 3754 847 3800 ‘iussus
864 3767 888 3800 es
903 3752 1028 3800 renuntiari
1045 3750 1133 3806 consul,
1149 3757 1173 3797 et
1190 3751 1283 3812 quidem

90 3815 232 3874 maana
249 3815 279 3876 of
289 3814 324 3864 bis
340 3817 437 3864 conduct
452 3817 569 3878 ιιιρνιειοά
585 3817 658 3876 bynu
707 3833 761 3867 eum
773 3819 837 3880 ipso!
870 3817 912 3865 See
924 3833 955 3865 on
966 3833 987 3864 c.
1000 3829 1039 3878 30,
1052 3814 1091 3878 7⁶.

92 3877 225 3944 ὣιιιοᾰὶιις
240 3895 292 3928 men
308 3880 379 3944 osbs's
390 3882 458 3930 dau:
475 3883 617 3946 mmadng
632 3883 657 3930 ιἰι
742 3896 780 3932 ao.
798 3884 836 3930 Ut
869 3883 958 3948 igitur
986 3881 1204 3946 intelligeretis,
1237 3881 1283 3930 &a

92 3943 132 3990 this
146 3955 226 4008 raspert
242 3945 279 3993 thr
294 3945 421 4009 eormdsbip
437 3947 657 4009 ‹rs'datongwbicb
707 3949 744 3998 lie
764 3965 814 3998 uses
830 3965 844 3996 a
861 3950 947 3996 similar
963 3957 1084 4012 argument
1102 3947 1126 3994 in
1144 3946 1184 3994 the
1201 3947 1283 4007 speech

93 4023 138 4055 w
145 4011 195 4071 only
202 4012 298 4060 mirri
308 4011 409 4072 byrlesds
419 4012 451 4075 ρι’
456 4013 657 4061 momentanei
707 4016 796 4080 against
813 4015 874 4070 Piso.
894 4023 915 4077 7.
937 4028 966 4076 14
988 4014 1097 4061 ‘Relatio
1118 4012 1157 4059 illa
1180 4013 1285 4061 salutaris

94 4075 190 4131 sinim
210 4075 341 4126 calculated
360 4087 383 4126 ιο
402 4077 448 4126 suin
468 4079 577 4140 applausu
588 4079 657 4140 stom
709 4090 733 4130 et
750 4081 846 4144 diligens
862 4080 905 4128 fuit
925 4079 1031 4136 consulis,
1049 4077 1217 4127 animadversio
1235 4078 1284 4139 qoi-

94 4135 128 4185 tir
137 4139 185 4188 base
193 4145 341 4205 οοιιιροιιιοοι
352 4145 382 4206 qt
387 4143 422 4192 his
432 4143 511 4191 reneis.
709 4149 762 4195 dem
774 4154 799 4193 et
813 4147 922 4194 iudicium
940 4154 1046 4192 senatus:
1064 4159 1122 4205 quae
1140 4157 1192 4189 cum
1210 4157 1284 4202 repre·

128 4216 162 4253 ιι,
177 4209 300 4256 Alterum
323 4217 398 4271 peto,
417 4209 463 4257 &a
506 4210 559 4258 The
579 4225 659 4259 reason
709 4212 798 4265 hendis.
814 4212 915 4259 osterrdis
932 4210 1003 4270 qualis
1021 4219 1055 4265 tu,
1076 4209 1095 4257 si
1115 4209 1147 4254 ita
1168 4208 1227 4254 lone
1247 4221 1286 4254 ac·

96 4271 129 4317 ior
139 4271 175 4319 the
185 4273 291 4323 different
306 4283 362 4322 tone
378 4275 408 4322 he
424 4274 492 4323 takes
505 4275 562 4324 with
579 4277 660 4340 regard
710 4278 810 4331 cidisset,
822 4277 891 4324 fueris
902 4275 941 4323 illo
953 4283 1057 4335 tempore
1068 4271 1146 4322 consul
1159 4273 1263 4320 naturus!

98 4343 121 4382 ιο
133 4335 169 4385 the
184 4349 231 4386 two
247 4339 357 4388 divisions
373 4341 402 4386 os
416 4339 452 4387 his
468 4341 551 4401 speech
564 4355 620 4402 may
632 4342 661 4387 be
