2868 4700
70 262 220 318 lile-19.
400 251 571 314 ORATIO
599 253 876 316 PHILIPPICA
903 254 952 314 ΙΙ.
1228 267 1272 338 45

70 419 193 472 vastare
216 409 362 496 Italiarn,
384 410 489 476 delere
510 431 578 476 rem
599 412 760 497 publicam
782 414 997 497 consensisse,
1016 415 1089 496 quis
1109 422 1194 478 esset
1215 415 1270 497 qui

69 510 102 572 ad
116 512 263 577 salutem
277 533 484 579 communem
501 515 736 580 defendendam
756 535 823 580 non
843 518 1061 582 excitaretur?
1082 520 1270 601 praesertim

69 635 136 678 nrm
162 627 301 682 senatus
324 620 519 704 populusque
542 618 709 684 Romanus
734 619 865 684 haberet
886 621 1012 706 ducem,
1034 621 1139 704 qualis
1161 623 1190 688 si
1215 623 1270 705 qui

69 739 150 785 nunc
161 733 267 805 esset,
278 724 340 787 tibi
356 722 444 786 idem
457 723 540 807 quod
555 723 622 788 illis
637 722 758 788 accidit
772 723 973 808 contigisset.
1010 725 1062 788 Ad
1077 725 1271 808 sepulnrram

68 845 181 910 corpus
196 827 309 891 vitrici
325 829 375 891 sui
392 837 489 911 negat
504 848 524 891 a
537 845 590 890 me
604 827 724 892 datum.
758 825 833 892 Hoc
847 847 924 890 vero
939 847 980 890 ne
996 826 1126 894 Publius
1139 829 1270 912 quidem
1284 838 1299 890 5

68 928 204 993 Clodius
226 929 316 994 dixit
335 949 504 1014 umquam:
525 950 632 1015 quem,
649 932 725 1013 quia
746 931 813 994 iure
832 931 864 993 ei
886 931 1040 996 inimicus
1058 931 1118 1017 fui,
1139 932 1234 997 doleo
1250 952 1272 996 a

33 1045 98 1096 nte
117 1033 276 1098 omnibus
297 1035 391 1097 vitiis
412 1036 518 1122 [eum]
539 1053 608 1098 esse
630 1043 823 1119 superatum.
868 1035 936 1122 Qi
958 1043 1067 1098 autem
1090 1035 1153 1100 tibi
1177 1037 1270 1100 venit

70 1139 101 1200 in
125 1147 277 1202 mentem
300 1138 444 1222 redigere
468 1139 504 1201 in
529 1138 720 1201 memoriam
743 1147 898 1224 nonnam,
922 1147 955 1202 te
978 1139 1066 1202 domi
1084 1138 1119 1204 P.
1138 1139 1270 1206 Lentuli

70 1261 135 1305 esse
150 1242 347 1305 educatum?
382 1243 437 1305 An
452 1240 600 1304 verebare
616 1261 659 1303 ne
673 1261 740 1305 non
754 1257 937 1326 putaremus
951 1251 1113 1307 naturate
1129 1246 1271 1328 potuisse

40 1349 134 1414 fitam
160 1345 345 1429 improbum
367 1345 513 1428 evadere,
536 1345 600 1408 nisi
621 1346 809 1410 accessisset
827 1347 929 1410 etiam
946 1345 1143 1431 disciplina?
1185 1347 1271 1411 Tam
1286 1369 1317 1404 ιο

70 1459 177 1512 autem
198 1468 270 1512 eras
288 1468 409 1532 excors,
432 1457 467 1512 ut
488 1456 558 1512 tota
576 1450 614 1512 in
634 1449 783 1514 oratione
804 1459 861 1513 tua
882 1457 990 1513 tecum
1013 1451 1081 1534 ipse
1104 1469 1270 1536 pugnares,

71 1573 134 1618 non
150 1553 250 1616 modo
265 1572 332 1616 non
347 1552 554 1616 cohaerentia
569 1552 657 1614 inter
671 1571 705 1616 se
725 1552 861 1638 diceres,
875 1551 931 1618 sed
952 1554 1093 1616 maxime
1109 1553 1272 1619 disiuncta

70 1669 165 1741 atque
191 1657 364 1740 contraria,
389 1665 425 1720 nt
452 1675 518 1718 non
543 1663 636 1718 tanta
655 1671 800 1742 mecinn,
825 1666 945 1739 quanta
966 1657 1029 1720 tibi
1056 1665 1164 1722 tecum
1188 1669 1271 1724 esset

71 1762 251 1824 contentio.
297 1759 457 1824 Vitricum
478 1769 569 1823 tuum
584 1758 683 1822 fuisse
699 1760 736 1823 in
751 1767 844 1822 tanto
862 1760 981 1824 scelere
1000 1759 1153 1846 fatebare,
1169 1782 1272 1847 poena

71 1865 222 1928 affectum
243 1864 427 1947 querebare.
471 1861 524 1926 Ita
543 1862 628 1946 quod
651 1863 775 1947 proprie
799 1882 906 1926 meum
929 1873 989 1948 est,
1013 1864 1161 1950 laudasti,
1186 1867 1271 1950 quod
1287 1881 1315 1931 ¹⁵

74 1978 175 2032 tntum
190 1977 240 2031 est
254 1976 398 2052 senatus,
412 1966 661 2052 reprehendisti:
681 1984 758 2030 nam
773 1967 1015 2050 comprehensio
1029 1971 1173 2033 sontium
1187 1990 1271 2057 mea,

72 2071 311 2135 animadversio
335 2080 466 2134 senatus
490 2070 564 2134 fuit.
609 2068 720 2134 Homo
745 2069 882 2134 disertus
909 2090 975 2134 non
1000 2072 1157 2156 intelligit
1187 2093 1271 2160 eum,

73 2194 164 2257 quem
185 2183 302 2239 contra
322 2175 416 2258 dicit,
432 2173 552 2237 laudari
575 2193 595 2236 a
616 2193 663 2257 se,
679 2193 745 2257 eos,
767 2173 849 2259 apud
870 2193 949 2257 quos
969 2174 1063 2260 dicit,
1087 2179 1270 2262 vituperari.

35 2275 141 2342 islam
156 2277 235 2342 illud
251 2279 418 2368 cuius'esg
433 2297 499 2340 non
516 2278 591 2341 dico
605 2275 890 2362 andaciae-cupit
908 2280 999 2342 enim
1014 2299 1048 2342 se
1063 2279 1271 2367 audacem-,

64 2356 386 2466 ffl‘rllme
396 2381 476 2464 vult,
487 2381 659 2465 stultitiae,
669 2400 732 2463 qua
746 2382 852 2445 vincit
861 2400 987 2464 omnes,
999 2383 1078 2446 clivi
1089 2381 1272 2469 Capitolini
1287 2400 1319 2436 ²0

77 2489 275 2551 mentionem
297 2485 415 2569 facere,
436 2503 508 2548 cum
531 2485 619 2547 inter
640 2483 792 2548 subsellia
813 2493 922 2548 nostra
944 2495 1112 2550 versentur
1133 2490 1273 2572 armati?

111 2638 128 2674 1.
143 2627 175 2674 Se
191 2624 376 2674 consensisse.
416 2624 469 2671 The
493 2623 604 2672 infinitivo
627 2624 646 2672 is
697 2623 757 2680 MS„
770 2639 863 2686 appears
875 2633 901 2672 to
918 2625 948 2672 be
964 2623 1019 2672 here
1035 2627 1182 2688 superfluous,
1198 2627 1272 2678 rulers

76 2693 219 2755 explanatory
243 2693 273 2738 ol
287 2691 329 2738 ‘de
348 2690 436 2751 patriae
453 2690 571 2752 parricidio
591 2703 646 2736 con·
695 2689 777 2736 indeed
797 2690 837 2737 the
858 2699 909 2738 true
931 2692 1065 2755 readingbe
1081 2695 1133 2740 ‘cui
1153 2694 1206 2754 quia
1224 2695 1273 2742 iure

78 2756 200 2804 dicentur!
236 2756 391 2804 'Consentio’
419 2756 438 2803 is
465 2769 531 2802 more
558 2755 645 2816 usually
695 2755 800 2802 inimicus
817 2755 858 2812 ini,
869 2755 937 2804 doleo
955 2771 968 2802 a
985 2765 1009 2803 te
1023 2759 1130 2806 omnibus
1142 2759 1204 2807 vitiis
1218 2775 1271 2807 eum

79 2823 200 2870 1111111111
213 2823 277 2887 good
289 2837 360 2878 sense,
381 2828 423 2868 ‘to
436 2835 503 2884 agree
517 2820 645 2886 togethers'
694 2834 741 2868 ease
752 2831 882 2880 superatum
890 2821 905 2876 ;'
922 2835 947 2868 as
963 2821 1004 2868 has
1016 2822 1073 2870 been
1085 2825 1229 2885 conjeenrred
1240 2826 1273 2889 by

79 2889 116 2934 hur
125 2903 158 2948 cp.
169 2889 234 2936 Verr.
247 2888 301 2935 Act.
315 2899 337 2936 a.
349 2899 373 2949 5.
382 2885 405 2942 8,
419 2885 449 2934 18
467 2886 535 2933 ‘belli
546 2886 642 2934 faciendi
695 2884 818 2933 Stiirenbur
835 2901 884 2941 ‚nn
895 2901 937 2948 pro
948 2888 1017 2935 Arch.
1028 2903 1051 2948 p.
1066 2887 1119 2950 185.

78 2967 138 2999 nm
149 2953 304 3002 mma·
730 2950 752 2999 8.
771 2952 798 2999 Ρ.
818 2901 956 2999 lentulus
976 2953 1044 3000 Sura
1066 2969 1114 3001 was
1136 2955 1222 3003 Consul
1244 2957 1267 3004 in

109 3034 137 3066 cc.
160 3031 181 3080 7,
203 3019 227 3068 8.
264 3019 296 3065 Ia
320 3017 452 3080 Μαῖαν
478 3018 572 3076 Antony
599 3015 649 3064 tad
699 3025 726 3078 7¹
738 3017 794 3064 ΒΩ.
828 3017 871 3064 llis
888 3017 997 3065 dissolute
1014 3019 1053 3066 lile
1065 3019 1101 3066 led
1110 3029 1135 3067 to
1146 3020 1181 3067 his
1193 3023 1272 3083 expul-

78 3083 174 3146 ehoegsd
189 3085 271 3132 Cicero
287 3083 341 3130 m'tb
357 3083 463 3146 resvsirvg
479 3083 556 3130 llariol
573 3093 596 3130 to
613 3082 648 3130 bis
697 3082 749 3130 sion
765 3082 825 3130 from
836 3083 877 3130 the
893 3091 972 3130 senate
983 3085 1006 3130 in
1022 3083 1064 3132 the
1081 3085 1198 3152 following
1208 3103 1271 3149 year,

79 3151 209 3210 napserim
238 3148 455 3212 Drayivrgtlsesnet.
468 3147 649 3196 ciceroniana
698 3148 741 3194 hut
753 3148 782 3194 he
794 3163 841 3194 was
855 3149 922 3212 again
938 3150 1006 3196 made
1020 3161 1112 3210 praetor
1123 3153 1147 3197 in
1160 3147 1192 3215 63
1205 3153 1271 3210 ΒΕ,

80 3215 112 3260 bis
121 3215 180 3275 fully
193 3216 218 3261 ia
235 3215 368 3278 rmiading
383 3214 420 3262 the
435 3222 510 3261 uncte
526 3213 576 3262 thot
591 3215 649 3260 Ian·
698 3214 744 3260 and
754 3213 808 3260 held
820 3213 871 3260 that
882 3213 949 3261 office
966 3223 989 3262 ar
1006 3214 1046 3262 the
1058 3217 1115 3263 time
1126 3219 1155 3264 of
1167 3219 1207 3266 the
1217 3233 1272 3267 con·

81 3279 238 3328 idemne
249 3279 396 3342 step-sother:
414 3279 438 3326 ln
454 3279 536 3341 lnyirrg
555 3294 585 3326 ovs
602 3278 649 3326 bim
699 3279 796 3341 spiracy.
818 3279 860 3326 See
871 3276 1020 3340 onc.6.13.

82 3345 191 3394 nedum
211 3347 242 3406 ns
259 3361 274 3392 o
293 3345 440 3406 praedm
453 3346 499 3406 sor
520 3344 592 3392 rvbicb
614 3344 650 3391 slve
735 3357 772 3395 11.
796 3345 956 3394 Disiuncta.
997 3345 1026 3394 So
1048 3347 1088 3395 the
1104 3347 1200 3396 Vatican
1221 3350 1272 3398 MS.

81 3421 148 3458 una
161 3427 210 3459 snos
226 3411 292 3472 issels
303 3409 452 3472 responsible,-
469 3410 519 3456 and
532 3410 556 3456 in
573 3409 651 3473 hrahg·
700 3409 765 3470 spells
776 3408 817 3456 the
825 3411 897 3468 word,
910 3411 935 3458 in
943 3411 988 3458 this
996 3413 1060 3474 place
1068 3413 1131 3475 only.
1165 3415 1272 3464 ltmeans

84 3475 122 3538 ing
130 3477 239 3537 [osward
254 3492 300 3536 any
316 3477 402 3540 charge
418 3476 448 3536 ns
460 3475 566 3531 violence,
583 3474 650 3522 while
700 3476 884 3537 'contradictory
895 3485 920 3522 no
937 3477 993 3524 each
1011 3477 1092 3533 other.’
1104 3479 1127 3526 in
1138 3479 1179 3526 the
1189 3480 1272 3544 logical

79 3542 229 3603 (1111711181
242 3541 381 3602 mommo!
392 3541 429 3588 the
442 3556 535 3605 ganam
551 3539 649 3588 violence
698 3555 762 3588 sense
781 3542 810 3588 ol
824 3541 864 3588 the
883 3543 954 3591 word.
990 3543 1032 3604 Cp.
1049 3559 1069 3590 c.
1086 3555 1123 3605 13,
1140 3557 1170 3604 32
1190 3545 1272 3606 ‘Qtae

82 3607 111 3666 ns
123 3607 222 3671 Ηώς
239 3616 271 3668 ap
292 3607 329 3654 tlw
350 3615 425 3654 eman
446 3605 502 3654 wne
522 3605 648 3654 ὸανὸανίω
697 3606 818 3654 diiunctius
828 3608 947 3664 dicuntur:
960 3609 1035 3656 ‘what
1046 3611 1065 3655 is
1076 3619 1117 3670 put
1129 3610 1152 3656 in
1164 3611 1204 3658 the
1213 3611 1271 3660 form

83 3675 227 3720 marm.
259 3673 297 3720 He
312 3671 374 3720 tales
384 3673 486 3720 occnaon
503 3671 582 3731 hythe
597 3687 649 3730 way
697 3672 724 3718 ol
733 3687 745 3720 a
758 3672 866 3720 dilemma
874 3673 889 3728 ;'
904 3675 950 3720 and
961 3672 1022 3735 Top.
1034 3685 1071 3733 14.
1084 3673 1115 3736 56
1133 3675 1174 3722 ‘ln
1185 3677 1273 3726 diiunc-

83 3745 105 3782 1ο
115 3739 219 3786 vbdrente
234 3737 270 3786 bis
286 3753 337 3784 nsvn
351 3745 431 3799 pnen'y
440 3738 508 3799 srnm
525 3737 561 3785 the
578 3737 649 3799 irnpo-
697 3738 761 3784 tione
771 3739 820 3800 plus
832 3753 878 3785 uno
890 3753 969 3786 verum
981 3755 1084 3787 essenon
1094 3743 1186 3800 potest.¹

83 3803 428 3866 mwulrofsinlnny'swit.
733 3803 770 3852 18.
788 3803 984 3864 Qremcontra
1001 3805 1079 3853 dicit.
1104 3806 1134 3852 So
1146 3808 1272 3857 Ciceroal·

115 3869 190 3930 aad
205 3869 390 3930 sepulturam,
413 3865 457 3917 &o
490 3869 572 3916 Cicero
593 3866 648 3916 here
697 3883 768 3930 ways,
785 3869 825 3916 the
841 3869 890 3917 first
906 3885 946 3917 use
963 3870 991 3917 ol
1003 3871 1043 3918 the
1059 3875 1191 3933 oompound
1208 3875 1271 3922 word

84 3933 647 3999 pensestoalreshehargeoidntonyagainsthim
697 3935 853 3982 ‘contradico’
870 3935 939 3999 being
955 3937 1088 3999 apparently
1104 3937 1128 3984 iu
1145 3939 1204 4002 Livy
1216 3939 1239 3988 8.
1258 3953 1271 3988 a

84 3999 154 4046 rather
163 4001 274 4063 abruptly,
285 4003 327 4049 but
339 4001 378 4048 the
388 4006 395 4027 ⁴
405 3999 443 4047 ad'
455 3999 510 4046 with
520 3998 596 4046 which
606 3999 647 4046 the
697 4005 753 4047 'nec
764 4001 898 4056 contradici,
910 4001 965 4062 quin
978 4035 998 4049 ..
1009 4037 1015 4050 .
1032 4003 1131 4050 amicitia
1143 4004 1171 4052 de
1183 4006 1272 4070 integro

84 4065 153 4112 clause
163 4067 239 4130 begins
250 4083 306 4128 may
313 4073 412 4114 account
423 4065 459 4112 lor
467 4065 507 4112 the
513 4066 610 4112 absence
621 4063 649 4111 ol
695 4064 875 4119 reconcilietur?
892 4065 960 4113 while
970 4067 999 4115 its
1015 4083 1084 4133 usage
1095 4069 1152 4116 with
1165 4086 1178 4116 a
1194 4072 1272 4119 dative

84 4129 122 4176 the
132 4133 189 4178 usual
201 4133 252 4181 ‘at'
286 4131 341 4180 The
352 4131 435 4196 charge
444 4131 507 4178 itseli
515 4131 533 4178 is
542 4130 646 4178 declared
695 4130 714 4177 is
725 4130 810 4192 wholly
826 4134 1015 4195 post-Augustam

85 4197 357 4261 tobeialsebyl'lurarch,
367 4197 421 4244 who
433 4196 613 4251 asseris,Ant.c.
623 4208 646 4251 a,
731 4208 769 4244 ar.
788 4195 866 4244 luter
888 4198 1022 4244 subsellia
1042 4207 1151 4247 nostra.
1193 4200 1271 4250 lnthe

85 4261 645 4326 thatnoroulyl’.l.cntulus,butalltheconspira·
695 4277 752 4323 very
764 4271 841 4309 senate
859 4261 930 4310 house
949 4263 1012 4310 itseli
1032 4265 1080 4324 (see
1099 4279 1129 4310 on
1141 4279 1161 4312 c.
1178 4274 1200 4326 7,
1219 4267 1271 4326 15),

85 4327 184 4375 torswho
192 4345 249 4376 were
257 4329 328 4376 killed
335 4343 394 4376 were
402 4329 470 4391 given
478 4342 510 4388 up
520 4328 556 4372 ior
565 4326 645 4373 burial.
694 4326 778 4380 where,
796 4327 817 4372 ii
829 4328 958 4386 anywhere.
976 4328 1076 4371 freedom
1093 4329 1153 4372 i'rom
1169 4331 1273 4379 violence

119 4401 138 4452 7.
153 4393 222 4450 lium,
233 4393 310 4442 which
330 4395 348 4442 is
366 4393 437 4440 lound
457 4393 480 4440 in
497 4391 537 4439 the
549 4391 646 4437 Vatican
695 4389 770 4450 might
782 4387 840 4434 have
851 4391 909 4434 been
920 4387 1058 4445 confidently
1069 4391 1186 4444 expected.
