3008 4698
183 251 245 314 2⁶⁶
304 253 354 312 M.
373 253 408 313 r.
426 249 677 314 cressonis
699 249 870 313 onsrro
890 251 1067 314 parma
1091 253 1154 314 rr.
1202 284 1246 322 ω.
1260 211 1382 321 rr-rs.

179 411 279 475 Saxae
294 431 328 474 se
343 420 378 474 et
392 410 512 476 Cafoni
532 409 743 494 tradiderunt,
757 409 797 472 ad
812 408 938 473 facinus
957 409 1166 493 praedamque
1188 410 1284 493 natis,
1300 427 1379 472 num

179 516 250 596 quis
275 523 325 578 est
350 516 405 598 qui
432 514 567 578 tuendos
592 515 707 598 putet?
758 511 842 597 Ergo
871 522 926 577 aut
952 513 1028 576 boni
1058 523 1143 597 sunt,
1169 532 1248 596 quos
1277 514 1379 576 etiam

178 636 304 703 ornare,
327 628 382 682 aut
403 620 518 702 quieti,
538 636 617 701 quos
640 635 830 681 conservare
853 616 1015 700 debemus,
1037 627 1093 680 aut
1115 617 1222 700 impii,
1243 635 1379 699 quorum

179 731 290 785 contra
317 722 454 785 furorem
478 721 596 784 bellum
621 730 654 784 et
680 723 765 784 iusta
790 739 878 784 arma
904 721 1056 804 cepimus.
1110 721 1255 808 Qorum
1278 721 1379 804 igitur
1390 709 1437 775 15

150 836 402 896 sveteranorum
431 827 558 888 animos
593 844 634 887 ne
665 823 865 888 offendamus
896 824 1065 888 veremur?
1117 823 1289 907 Eorumne,
1321 824 1377 906 qui
1393 795 1432 842 ³⁸

177 927 221 992 D.
248 927 378 993 Brutum
404 929 573 992 obsidione
599 929 732 1012 cupiunt
756 928 913 992 liberare?
938 928 1051 1010 quibus
1076 947 1150 991 cum
1177 927 1267 992 Bruti
1293 927 1379 990 salus

176 1051 251 1096 cara
265 1033 320 1116 sit,
334 1034 389 1115 qui
407 1040 540 1116 possunt
554 1030 663 1096 Cassii
685 1050 804 1095 nomen
822 1032 953 1095 odisse?
997 1033 1052 1094 An
1073 1051 1194 1113 eorum,
1208 1031 1262 1112 qui
1281 1031 1380 1092 utris-

176 1155 238 1219 que
258 1137 356 1198 armis
371 1136 512 1199 vacant?
535 1154 603 1198 non
617 1155 728 1198 vereor
747 1154 788 1198 ne
807 1136 937 1199 acerbus
955 1136 1040 1199 civis
1054 1137 1222 1219 quisquam
1242 1135 1379 1198 istorum

177 1240 233 1322 sit,
248 1239 302 1329 qui
318 1241 388 1303 otio
401 1239 610 1303 delectantur.
654 1238 770 1302 Tertio
784 1257 860 1304 vero
877 1241 987 1323 generi
1009 1259 1075 1302 non
1095 1239 1238 1303 militum
1252 1247 1380 1300 vetera-

133 1367 164 1402 10
178 1360 302 1427 norum,
316 1341 371 1406 sed
387 1344 733 1426 importunissimorum
748 1341 900 1425 hostium,
915 1343 1009 1426 cupio
1023 1361 1119 1425 quam
1136 1342 1378 1405 acerbissimum

176 1446 319 1510 dolorem
345 1448 480 1512 inurere.
536 1446 750 1533 Qamquam,
777 1455 881 1530 patres
907 1446 1094 1529 conscripti,
1119 1463 1280 1528 quousque
1304 1464 1379 1508 sen-

176 1552 297 1614 tentias
330 1551 474 1614 dicemus
505 1559 730 1614 veteranorum
766 1549 950 1613 arbitratu?
983 1549 1067 1631 quod
1103 1567 1213 1612 eorum
1248 1557 1378 1612 tanturn

176 1653 343 1717 fastidium
372 1663 433 1737 est,
462 1673 543 1736 quae
572 1662 664 1717 tanta
692 1653 886 1736 arrogantia,
915 1661 951 1716 ut
980 1652 1021 1716 ad
1051 1653 1219 1716 arbitrium
1248 1651 1378 1715 illorum

177 1758 385 1840 imperatores
407 1758 508 1820 etiam
528 1756 721 1840 diligamus?
765 1755 833 1841 Ego
856 1755 1179 1820 autem-dicendum
1203 1765 1251 1819 est
1275 1757 1429 1838 enimse

133 1875 161 1927 ¹5
177 1870 282 1944 patres
312 1861 497 1944 conscripti,
526 1859 610 1942 quod
642 1862 860 1924 sentio—non
896 1869 967 1923 tam
999 1868 1169 1924 veteranos
1205 1860 1378 1923 intuendos

177 1963 271 2026 nobis
289 1963 435 2048 arbitror,
454 1982 550 2045 quam
569 1964 647 2044 quid
664 1964 787 2026 tirones
807 1963 940 2046 milites,
958 1963 1016 2026 flos
1035 1961 1160 2048 Italiae,
1177 1962 1254 2047 quid
1273 1983 1377 2028 novae

177 2067 319 2149 legiones
341 2067 381 2130 ad
405 2066 604 2130 liberandam
627 2067 765 2150 patriam
787 2068 1022 2151 paratissimae,
1043 2068 1120 2149 quid
1142 2075 1259 2132 cuncta
1281 2065 1378 2130 ltalia

177 2169 217 2233 de
242 2179 348 2234 vestra
377 2171 534 2254 gravitate
565 2171 697 2234 sentiat.
750 2169 848 2232 Nihil
875 2171 964 2234 enirn
994 2190 1120 2255 semper
1148 2170 1261 2253 floret3
1287 2179 1378 2233 aetas

176 2272 320 2337 succedit
342 2275 452 2337 aetati.
504 2273 572 2337 Diu
598 2273 741 2358 legiones
766 2273 916 2338 Caesaris
940 2275 1128 2357 viguerunt:
1155 2293 1240 2337 nunc
1263 2274 1377 2357 vigent

132 2397 164 2432 πο
178 2375 310 2461 Pansae,
333 2378 444 2460 vigent
468 2375 584 2460 Hirtii,
610 2378 721 2460 vigent
745 2375 895 2442 Caesaris
917 2377 988 2462 filii,
1011 2380 1123 2462 vigent
1144 2376 1280 2460 Planci;
1302 2378 1377 2439 vin-

176 2490 254 2544 cunt
291 2499 436 2563 numero,
469 2481 605 2544 vincunt
641 2480 823 2544 aetatibus:
861 2482 1015 2544 nimirum
1048 2483 1148 2544 etiam
1184 2481 1377 2544 auctoritate

176 2585 338 2665 vincunt3
374 2584 408 2646 id
438 2585 527 2645 enim
556 2583 675 2648 bellum
704 2593 829 2668 gerunt,
858 2583 941 2668 quod
976 2584 1017 2648 ab
1046 2584 1196 2648 omnibus
1225 2582 1376 2668 gentibus

176 2687 409 2770 comprobatur.
453 2686 564 2768 ltaque
590 2686 640 2750 his
663 2689 806 2770 praemia
831 2689 988 2772 promissa
1007 2697 1094 2771 sunt,
1114 2687 1181 2750 illis
1205 2685 1376 2770 persoluta.

176 2787 331 2853 Fruantur
354 2789 404 2852 illi
425 2791 503 2873 suis,
526 2789 746 2874 persolvantur
771 2790 823 2853 his
846 2810 926 2874 quae
949 2792 1194 2876 spopondimus:
1225 2788 1259 2851 id
1285 2790 1376 2852 enim

131 2909 160 2959 ²5
175 2893 252 2956 deos
281 2893 479 2956 immortales
509 2913 601 2977 spero
630 2895 859 2976 aequissimum
889 2894 1039 2958 iudicare.
1099 2893 1193 2981 Qae
1224 2911 1297 2956 cum
1327 2893 1376 2956 ita
1388 2907 1432 2954 so

175 2998 254 3080 sint,
279 3016 350 3060 eam
373 3016 469 3080 quam
493 2995 559 3060 dixi
580 2999 777 3060 sententiam
797 2997 900 3082 vobis,
922 3007 1027 3081 patres
1050 2998 1235 3080 conscripti,
1257 3015 1401 3074 censeo

175 3099 456 3184 comprobandam.

215 3299 237 3350 7.
263 3290 317 3350 Qri
354 3291 474 3352 utrisque
522 3291 604 3338 armis
644 3299 750 3344 vacant.
800 3289 1379 3354 insapingthatthereisnosearofanyoneof

175 3355 243 3402 ‘who
254 3369 345 3402 suusne
355 3355 396 3402 the
407 3369 467 3401 arms
479 3356 507 3402 of
515 3355 604 3402 neither
615 3355 679 3402 side!
801 3354 865 3402 these
881 3364 986 3402 veternus
1003 3357 1072 3419 being
1089 3357 1195 3410 virulent.
1207 3355 1236 3403 he
1254 3357 1272 3404 is
1289 3357 1376 3417 merely

209 3419 231 3467 8.
252 3421 327 3468 Civis
352 3421 501 3482 quisquam.
544 3420 643 3484 Madvig
662 3419 750 3481 (jahn's
799 3420 1039 3484 exprestingiuother
1050 3422 1126 3469 words
1139 3421 1190 3468 that
1205 3421 1328 3470 therewas
1342 3436 1375 3468 no

173 3484 254 3544 Jahrb.
266 3485 303 3531 for
316 3483 386 3546 1856,
397 3499 419 3544 p.
438 3485 496 3545 124)
512 3484 591 3531 thinks
606 3485 669 3532 there
685 3487 703 3532 is
720 3499 749 3532 an
799 3485 849 3532 sear
860 3486 911 3533 that
923 3486 980 3548 they
991 3486 1072 3534 should
1084 3485 1140 3534 taire
1151 3486 1247 3534 offense.

174 3565 237 3596 error
253 3549 443 3605 here,asCicero
454 3551 473 3597 is
488 3559 530 3596 not
542 3549 653 3614 speslting
666 3551 695 3598 oi
708 3549 748 3597 the
834 3563 872 3599 tt.
893 3552 1039 3613 Quousque
1067 3547 1217 3601 senteutia‘s
1243 3553 1374 3606 dicemus,
1472 3585 1474 3588 -

173 3624 278 3662 veterm
285 3615 355 3680 being
366 3611 472 3672 'acerbi’
480 3617 522 3663 but
530 3608 652 3664 osCaisius
661 3615 749 3662 offerrd·
798 3614 842 3664 ἃς.
875 3617 918 3677 Cp.
932 3629 970 3664 10.
982 3631 1006 3680 9,
1021 3616 1049 3665 ιθ
1061 3619 1106 3664 and
1120 3629 1149 3681 19
1162 3617 1207 3664 snd
1217 3617 1259 3664 the
1270 3626 1333 3664 note

174 3681 294 3743 ingthem,
304 3681 340 3727 ior
350 3680 426 3727 which
437 3696 534 3744 purpose
544 3681 574 3728 he
586 3681 671 3729 divides
682 3680 747 3728 them
833 3693 871 3744 24.
890 3683 1023 3730 fruantur
1047 3683 1090 3730 illi
1114 3684 1176 3738 suis.
1200 3684 1248 3730 ‘let
1265 3698 1291 3730 us
1308 3683 1374 3729 leave

173 3744 223 3792 into
243 3746 310 3794 three
332 3747 420 3793 classes.
464 3747 501 3794 lle
523 3747 601 3794 would
625 3747 747 3794 substitute
797 3747 837 3795 the
849 3756 953 3794 veteram
965 3747 988 3794 in
1000 3749 1167 3808 pomereionof
1173 3747 1238 3795 what
1249 3747 1374 3810 theyhare

174 3811 327 3872 ‘quoiquam'
344 3825 370 3858 or
387 3811 521 3873 ‘cuiquam'
541 3814 578 3861 ior
594 3811 746 3874 ‘quisquam'
795 3809 904 3875 already!
941 3811 971 3860 So
993 3813 1064 3861 Halm
1086 3813 1147 3861 from
1170 3829 1183 3860 s
1206 3813 1257 3860 MS.
1279 3813 1374 3878 reading

173 3876 218 3922 and
230 3891 293 3923 some
305 3876 360 3923 such
369 3877 433 3924 word
443 3892 469 3924 as
480 3879 599 3926 ‘nuntius'
611 3878 647 3925 for
659 3877 745 3934 ‘ciris'
795 3874 907 3925 ‘illisues'
942 3877 995 3925 The
1001 3893 1111 3926 common
1118 3878 1212 3943 reading
1223 3879 1242 3926 is
1254 3877 1373 3926 ‘imantia

172 3943 218 3988 and
249 3941 313 3989 these
347 3942 478 3990 alterations
506 3959 545 3990 are
578 3942 679 4004 adopted
713 3943 745 4004 by
795 3941 1373 4006 hisilli.’whichisimprobable,iuconsequenes

172 4005 268 4068 Kayser.
296 4008 433 4056 Butinfsct
444 4023 475 4056 no
487 4009 609 4057 alteration
620 4009 639 4055 is
651 4009 745 4064 needed,
796 4008 824 4056 oi
832 4008 873 4056 the
885 4004 1082 4074 following⁴his.'

172 4073 246 4120 unless
257 4074 275 4120 it
292 4074 321 4120 be
335 4073 424 4121 Halm's
438 4075 569 4138 suggestion
581 4074 697 4128 ‘civibus'
709 4074 746 4120 ior
