2998 4706
128 285 162 342 §a
176 283 255 332 b-a.
447 275 619 337 ORATIO
648 275 925 338 PHILIPPICA
951 277 1017 338 XI.
1269 290 1330 358 247

124 434 232 518 quoad
263 434 408 518 progredi
423 419 578 519 'potuerit
603 435 663 499 feri
688 437 832 499 hominis
860 437 1016 520 amentia,
1043 453 1146 518 neque
1169 435 1332 498 Antonius

27 581 29 584 -
125 538 226 602 ullius
240 539 390 622 supplicii
406 537 593 624 adhibendi,
608 541 636 602 si
653 548 846 624 potestatem
861 539 989 624 habeat,
1003 539 1103 602 ullam
1119 559 1188 602 esse
1208 547 1332 623 partem

92 641 306 705 arelicturus.
351 640 467 706 Ponite
491 645 590 726 igitur
611 653 688 708 ante
710 644 829 728 oculos,
851 653 956 727 patres
977 643 1163 726 conscripti,
1181 643 1332 706 miseram

127 745 221 809 illam
251 745 381 828 quidem
412 755 445 810 et
475 747 615 810 flebilem
645 751 797 832 speciem,
827 746 884 810 sed
913 747 952 810 ad
989 746 1173 810 incitandos·
1207 755 1333 808 nostros

127 851 258 912 animos
279 851 512 914 necessariam:
533 860 724 914 nocturnum
743 853 901 936 impetum
923 853 957 912 in
973 850 1083 913 urbem
1104 850 1202 914 Asiae
1222 849 1360 913 claris-5

127 953 260 1037 sinam,
288 954 500 1038 irruptionem
523 963 717 1018 armatorum
740 958 775 1019 in
798 955 956 1019 Trebonii
979 954 1120 1038 domum,
1142 971 1215 1016 cum
1235 954 1333 1014 miser

129 1057 190 1120 ille
205 1058 292 1141 prius
308 1057 468 1120 latronum
488 1057 611 1140 gladios
633 1059 769 1143 videret,
783 1078 879 1141 quam
899 1077 980 1141 quae
999 1076 1049 1122 res
1069 1067 1153 1126 esset
1173 1056 1334 1120 audisset:

27 1151 29 1154 ’
128 1160 269 1224 firrentis
299 1163 469 1226 introitum
500 1162 700 1247 Dolabellae,
730 1183 844 1226 vocem
875 1165 1031 1247 impuram
1061 1170 1158 1244 atque
1187 1179 1223 1224 os
1253 1158 1332 1222 illud

131 1264 266 1348 infame,
289 1265 410 1350 vincla,
432 1267 575 1351 verbera,
596 1267 753 1352 eculeum,
773 1276 926 1330 tortorem
947 1263 1191 1346 carnificemque
1210 1263 1334 1327 Samia·

27 1438 29 1444 ¹
131 1369 237 1430 rium:
258 1385 339 1450 quae
355 1369 466 1432 tulisse
483 1369 575 1433 illum
590 1371 718 1434 fortiter
733 1379 766 1434 et
786 1372 947 1454 patienter
961 1367 1078 1431 ferunt.
1122 1366 1246 1448 Magna
1265 1367 1333 1428 laus
1348 1384 1379 1418 ιο

131 1489 267 1554 meoque
295 1471 417 1536 iudicio
440 1476 585 1538 omniurn
613 1476 773 1557 maxima,
802 1483 851 1537 est
875 1475 964 1536 enim
988 1472 1157 1556 sapientis,
1180 1468 1333 1554 quidquid

130 1573 258 1637 bomini
284 1576 430 1640 accidere
456 1579 569 1661 possit,
596 1575 628 1640 id
655 1577 880 1662 praemeditari
907 1575 1074 1640 ferundum
1102 1573 1229 1637 modice
1252 1591 1334 1656 esse,

27 1681 29 1686 '
130 1679 160 1742 si
184 1680 338 1742 evenerit.
382 1679 520 1744 Maioris
542 1682 678 1745 omnino
700 1691 749 1744 est
769 1680 899 1744 consilii
922 1677 1088 1764 providere
1108 1675 1245 1759 nequid
1268 1675 1334 1738 tale

27 1865 29 1868 Ι
97 1781 269 1865 eaecidat,
284 1783 387 1846 animi
410 1803 476 1846 non
500 1786 635 1848 minoris
657 1785 784 1848 fortiter
806 1781 900 1868 ferre,
920 1785 947 1846 si
973 1783 1127 1845 evenerit.
1173 1781 1221 1844 Ac
1236 1779 1335 1843 Dola-

131 1884 218 1947 bella
245 1885 376 1968 quidem
407 1897 476 1951 tam
505 1887 567 1951 fuit
592 1890 762 1952 immemor
791 1889 1237 1968 humanitatis—quamquam
1266 1885 1335 1946 eius
1352 1905 1379 1955 ις,

133 2007 308 2071 numquam
338 1992 495 2076 particeps
524 1993 645 2078 fuit-,
673 2001 709 2054 ut
738 2011 828 2056 suam
859 1991 1078 2056 insatiabilem
1112 1987 1335 2053 crudelitatem

133 2093 309 2154 exercuerit
330 2111 396 2157 non
414 2095 517 2158 solum
539 2098 575 2160 in
591 2099 679 2181 viv0,
693 2096 749 2160 sed
770 2098 871 2159 etiarn
891 2097 928 2158 in
949 2104 1086 2178 mortuo,
1100 2103 1195 2176 atque
1210 2093 1245 2154 in
1266 2092 1336 2152 eius

131 2214 262 2280 corpore
277 2196 446 2262 lacerando
460 2207 555 2282 atque
571 2200 728 2284 vexando,
745 2217 818 2262 cum
837 2187 983 2263 animum
998 2200 1115 2262 satiare
1131 2214 1197 2258 non
1218 2202 1335 2278 posset,

133 2299 242 2362 oculos
257 2302 381 2384 paverit
396 2321 478 2366 suos.

93 2395 122 2462 4
179 2401 211 2466 O
237 2403 339 2468 multo
361 2407 509 2470 miserior
532 2406 703 2472 Dolabella
727 2425 823 2489 quam
846 2405 914 2490 ille,
938 2422 1034 2488 quem
1058 2412 1094 2466 tu
1118 2400 1381 2464 miserrimorum

135 2525 204 2570 esse
235 2509 387 2574 voluisti!
440 2509 578 2573 Dolores
608 2510 793 2574 Trebonius
823 2509 953 2593 pertulit
985 2525 1142 2590 magnos3
1176 2503 1270 2568 multi
1297 2521 1337 2565 ex

169 2777 192 2826 3.
211 2767 308 2814 Ponite
326 2775 389 2814 ante
409 2769 510 2822 oculos.
523 2768 568 2815 &c
602 2767 709 2815 Muretus
790 2765 830 2824 ἵν’,
849 2767 872 2814 el
886 2783 910 2812 rr
927 2761 1052 2825 πόαχοιβ,
1070 2757 1103 2810 ὧν
1120 2757 1229 2821 ἐδόξαζον
1244 2757 1320 2820 φρενὶ,

136 2829 364 2879 thinksthatCicero
377 2831 461 2880 ishere
476 2832 575 2880 imitatio
604 2831 709 2881 Aeschin.
792 2830 825 2890 μή
842 2849 881 2892 μοι
898 2827 982 2892 veopis
998 2828 1136 2888 προσπεσὸν
1148 2825 1244 2882 μᾶλλον
1260 2821 1335 2872 δάκοι.

136 2895 159 2942 in
176 2897 239 2944 Ctes.
254 2911 277 2957 p.
295 2893 333 2957 76,
356 2911 366 2944 r
389 2896 469 2955 ἐπειδὴ
487 2898 536 2947 reis
556 2848 664 2955 νέμωσιν
683 2899 711 2946 οὐ
796 2895 834 2946 16.
854 2897 924 2945 Fuit.
958 2894 1078 2948 Solialm.
1090 2892 1210 2954 following
1221 2904 1266 2936 one
1278 2889 1337 2965 bis..

135 2962 303 3023 παραγένεσθε,
323 2960 389 3010 tuat
408 2963 460 3012 reis
477 2979 507 3022 ’γε
525 2961 635 3012 διανοίαις
653 2961 710 3012 bao-
761 2963 801 3010 the
818 2961 896 3010 others
910 2961 980 3009 havin
1008 2955 1107 3006 ‘lueriis
1141 2955 1194 3004 The
1211 2961 1337 3002 correctori

137 3025 239 3088 dtissar'
267 3025 345 3074 αὐτῦν
373 3026 406 3077 als
436 3027 479 3077 τὰς
513 3027 643 3090 συμφορὰς,
672 3029 711 3078 real
761 3029 911 3076 seemstobe
928 3041 985 3088 sop
1007 3025 1056 3087 irtly
1067 3023 1141 3070 stated
1157 3037 1181 3069 as
1198 3037 1211 3067 a
1228 3021 1276 3068 laet
1286 3019 1337 3066 that

27 3099 34 3108 '
136 3089 243 3151 νομίσαθ’
254 3091 311 3152 δρᾶν
321 3089 483 3151 ἁλισκομένην
493 3091 539 3151 τὴν
550 3091 620 3142 πόλιν
631 3102 712 3142 aaa.
762 3092 802 3141 the
813 3093 935 3140 indicative
946 3092 964 3139 is
975 3089 1103 3150 absolutely
1114 3101 1239 3148 neeemmy.
1305 3150 1311 3160 η

168 3170 192 3220 9.
211 3157 348 3206 Eculeum.
389 3159 425 3205 Os
448 3157 494 3206 this
523 3161 659 3207 instrument
687 3161 716 3207 ot'
798 3171 835 3222 19.
854 3158 972 3206 Faverit.
1005 3149 1338 3212 arthellssmm‘pavrt'

138 3229 233 3277 turture.
245 3238 272 3270 so
283 3221 348 3270 often
364 3223 497 3272 mentioned
513 3224 537 3272 in
554 3224 594 3272 the
610 3241 713 3287 persecu-
762 3227 804 3272 but
820 3222 860 3271 the
876 3223 1014 3270 corrnection
1029 3221 1057 3268 ol
1069 3221 1138 3276 ideas,
1154 3233 1179 3265 as
1197 3216 1283 3264 wellas
1297 3215 1338 3263 tlre

137 3287 197 3336 tions
213 3288 241 3334 ol
252 3288 292 3336 the
311 3289 374 3352 early
391 3289 523 3345 Christiana,
543 3304 579 3338 sve
600 3289 659 3338 have
680 3306 713 3338 no
761 3289 856 3352 rhythm
878 3289 907 3336 ol
921 3288 962 3336 the
980 3296 1093 3343 sentence.
1111 3298 1184 3333 seems
1203 3291 1229 3330 to
1249 3282 1338 3343 require

27 3361 29 3384 =
138 3361 234 3401 account
246 3353 270 3401 in
282 3369 328 3416 any
339 3356 416 3402 writer
426 3357 455 3403 of
463 3355 564 3402 authorit
583 3391 589 3404 .
762 3355 813 3403 that
831 3353 877 3402 this
895 3355 978 3410 clause,
997 3367 1021 3400 as
1043 3351 1094 3399 well
1113 3367 1138 3398 as
1155 3349 1196 3396 the
1215 3347 1338 3412 preceding

171 3429 208 3466 11.
228 3420 273 3467 list
298 3422 372 3469 enim
398 3423 539 3483 rapientis,
558 3372 601 3470 lc.
643 3421 713 3468 Lam-
762 3435 815 3477 one,
837 3421 919 3468 should
940 3420 969 3467 be
996 3418 1126 3480 dependent
1151 3429 1182 3462 on
1208 3414 1267 3462 'luit
1295 3411 1338 3460 irn-

137 3483 203 3532 binus
219 3498 337 3546 comparer
353 3501 367 3534 a
383 3487 464 3550 saying
479 3487 507 3534 ol
520 3488 630 3542 Pittacus,
644 3503 712 3535 σννι-
761 3487 867 3535 mernor!

27 3557 29 3566 '
136 3548 285 3612 τΰνᾶνδρᾶν
301 3549 363 3606 dccl,
375 3551 429 3615 πρὶν
439 3549 551 3610 γενέσθαι
562 3551 594 3600 τὸ
605 3553 711 3616 δυσχερῆ
794 3568 814 3600 c.
826 3565 850 3614 4.
867 3553 931 3599 Everr
946 3552 971 3598 in
987 3549 1091 3598 bisboro·
1108 3548 1138 3610 of
1148 3544 1249 3608 trimme
1266 3541 1340 3590 Dola·

136 3613 264 3676 προνοῆσαι
274 3614 422 3676 prb-simae·
432 3615 550 3677 ’ἀνδρείων
561 3615 713 3678 alpertum
762 3617 821 3665 balla
832 3618 918 3678 sailed,
929 3617 975 3677 sor
993 3615 1020 3662 ὸν
1037 3613 1141 3678 inflicted
1152 3628 1182 3660 on
1197 3609 1293 3670 blmaals
1303 3607 1339 3655 tlte

139 3677 165 3728 ri
187 3680 276 3730 dictat.
320 3683 437 3744 Compare
461 3683 509 3731 also
533 3681 603 3730 Tusc.
626 3695 650 3743 3.
673 3695 711 3745 14,
762 3681 850 3748 lasabg
860 3683 954 3747 agonias
965 3681 995 3743 of
1000 3695 1133 3736 renrorsm
1150 3675 1264 3726 &mand
1274 3674 1339 3722 times

141 3757 171 3808 30
183 3745 316 3804 ‘Quoniam
329 3747 429 3796 multum
440 3756 517 3808 potest
528 3749 628 3809 provisio
642 3748 712 3796 mimi
764 3763 826 3795 more
836 3748 899 3796 bord
907 3757 930 3796 to
941 3747 996 3794 bear
1007 3745 1062 3794 tban
1073 3745 1108 3793 νὺν
1120 3753 1164 3792 uuo
1176 3738 1239 3802 doys'
1252 3749 1339 3787 tortura

140 3819 163 3858 et
176 3813 320 3873 praeparatio
335 3814 365 3861 ad
380 3814 530 3862 minuendum
547 3815 657 3870 dolorem,
669 3815 714 3861 sint
763 3813 835 3861 which
848 3811 1122 3861 stadoniasrmderwent.
1156 3809 1251 3856 Heroas
1266 3819 1340 3852 more·

139 3891 227 3938 seraper
245 3879 324 3926 omnia
347 3879 437 3927 homini
453 3879 555 3927 bumana
578 3880 690 3928 meditata
700 3881 714 3936 ς’
764 3893 818 3926 over
825 3879 920 3942 jadged
934 3887 957 3926 to
974 3877 999 3924 br
1016 3891 1047 3924 aa
1063 3891 1139 3935 merny
1155 3874 1186 3934 os
1197 3873 1232 3920 thr
1248 3879 1311 3926 stau,
1323 3883 1339 3915 ⁰

139 3944 183 3990 and
197 3942 251 3990 Eur.
263 3941 300 3994 Fr.
312 3944 382 3994 Thes.
395 3943 443 4008 384
757 3945 804 4005 sor
813 3957 886 3991 worse
894 3945 948 4005 sate
963 3943 1019 3990 aban
1035 3941 1120 3995 death.-
1138 3939 1187 3988 aad
1200 3953 1233 3992 su.
1244 3951 1297 3984 ‘m
1308 3935 1339 4010 ,5⁸

171 4007 219 4070 ipis
235 4007 261 4057 dl
278 4011 351 4060 ταῦτα
366 4008 430 4072 παρὰ
447 4011 524 4074 σοφοῦ
539 4009 604 4060 rrvbs
618 4009 706 4070 μαθὼν,
764 4019 848 4072 respect
862 4011 892 4071 os
901 4010 959 4057 their·
970 4017 1061 4070 precem
1076 4005 1198 4058 condition.
1214 4001 1339 4050 stabamus

171 4071 205 4122 εἷς
227 4073 353 4136 φροντίδα
376 4077 432 4124 νοῦν
453 4076 577 4139 συμφοράς
598 4078 620 4123 τ’
642 4077 714 4132 ἔβαλ-
765 4075 839 4139 might
861 4075 887 4121 be
908 4074 1001 4122 deemed
1021 4073 1056 4121 ὢν
1075 4071 1169 4135 bappier
1187 4084 1259 4121 man:
1285 4079 1338 4112 Μ

236 4137 322 4202 λύμην,
764 4141 859 4189 without
873 4141 958 4204 aettr'ng
968 4139 1003 4186 bis
1020 4137 1085 4186 noble
1101 4145 1184 4184 nutura
1199 4130 1339 4198 agaimtlre

171 4203 249 4268 partis
279 4207 302 4254 r'
329 4207 424 4268 δμαυτῷ
456 4207 592 4272 προστιθεὶς
623 4205 715 4271 seirpus
765 4196 1338 4268 vicimunersosDolobello'scbaracter,wlrlcban

237 4272 302 4332 ipris,
765 4273 924 4336 amarpectivrg
939 4271 1082 4332 musp'alm
1103 4266 1152 4316 bad
1171 4265 1267 4314 hitherto
1286 4269 1339 4324 pre·

171 4335 285 4388 θανέτονς
306 4339 329 4385 τ’
352 4337 448 4403 daippus,
473 4338 511 4388 καὶ
536 4340 615 4388 κακῶν
637 4338 713 4389 ἄλλας
764 4337 845 4388 venua
864 4338 941 4386 Cicero
954 4337 1023 4398 srom
1042 4332 1186 4398 discovert'ng
1207 4331 1231 4380 t'n
1249 4343 1264 4376 a
1283 4339 1339 4375 Μ’

193 4423 196 4428 ·
239 4401 325 4460 tuom*
765 4405 893 4453 marmilon
904 4404 935 4464 os
939 4403 974 4451 bis
985 4417 1044 4450 orca.
