2970 4700
157 235 220 324 296
496 235 549 298 M.
575 234 737 296 TULLII
766 231 1021 298 CICERONIS
1215 247 1364 302 ogo-a,

155 399 315 463 invictum
337 397 530 462 exercitum:
553 394 617 459 duo
637 394 806 458 fortissimi
827 394 975 457 consules
996 391 1112 456 adsunt
1135 409 1209 454 cum
1234 391 1364 472 copiis:
1462 465 1463 470 ἵ

156 500 193 564 ii
209 499 332 583 Planci,
351 500 493 563 consulis
509 498 681 582 designati,
702 500 791 560 varia
808 507 841 560 et
860 515 978 579 magna
993 495 1113 558 auxilia
1132 514 1199 558 non
1218 493 1364 557 desunt:
1462 483 1463 486 '

156 607 192 668 in
218 603 261 668 D.
286 601 373 668 Bruti
403 603 505 668 salute
534 611 691 666 cenatur:
722 620 804 664 unus
833 599 970 663 firriosus
999 598 1155 682 gladiator
1183 617 1261 660 cum
1293 606 1365 658 tae-

156 709 358 773 terrimonrm
380 707 539 770 latronum
559 724 656 768 manu
676 713 789 767 contra
812 705 961 786 patriam,
981 713 1094 766 contra
1114 701 1190 763 deos
1210 711 1364 783 penates,

128 821 269 880 :contra
288 829 358 874 aras
372 819 405 872 et
425 808 525 892 focos,
540 819 652 872 contra
665 817 813 891 quattuor
832 806 979 870 consules
993 807 1075 890 gerit
1093 804 1222 868 bellum.
1269 803 1366 866 Huic

157 913 333 979 cedamus?
369 912 461 976 huius
491 910 695 976 conditiones
725 909 918 974 audiamus?
954 928 1028 973 curn
1057 908 1118 972 hoc
1146 927 1260 992 pacem
1290 907 1365 969 fieri

157 1035 248 1100 posse
270 1013 456 1080 credamus?

199 1120 245 1183 At
268 1118 442 1201 periodum
462 1127 512 1182 cst
535 1137 577 1180 ne
598 1119 821 1202 opprimamur.
867 1115 948 1180 Non
972 1125 1080 1180 metuo
1099 1136 1141 1179 ne
1159 1117 1200 1200 is,
1214 1117 1272 1198 qui
1291 1110 1405 1178 misfl
1462 1185 1463 1198 χ

155 1222 363 1308 amplissimis
392 1221 529 1286 fortunis
560 1223 624 1283 nisi
655 1221 750 1284 bonis
779 1219 877 1283 salvis
906 1219 967 1282 frui
998 1240 1066 1284 non
1099 1229 1215 1304 potest,
1246 1220 1367 1302 prodat
1462 1211 1463 1300 l

112 1326 292 1392 rosalutem
306 1345 407 1390 suam.
451 1323 557 1390 Bonos
576 1325 664 1387 cives
684 1326 822 1407 primum
836 1333 951 1387 natura
970 1323 1080 1407 efficit,
1094 1323 1224 1386 adiuvat
1240 1322 1365 1384 deinde
1462 1321 1463 1348 ¹

156 1430 303 1512 fortuna3
326 1430 475 1494 omnibus
495 1429 584 1491 enim
604 1427 699 1490 bonis
719 1427 846 1510 expedit
861 1427 984 1490 salvam
1005 1447 1074 1490 esse
1092 1447 1159 1489 rem
1177 1427 1366 1510 publicam:

157 1534 263 1598 sedin
284 1535 407 1616 iis,qui
427 1532 582 1596 fortunati
602 1541 690 1614 sunt,
705 1533 807 1612 magis
826 1528 859 1592 id
879 1539 1017 1614 apparet
1061 1531 1145 1619 Qis
1165 1529 1365 1593 fortunatior
1376 1542 1408 1590 1⁷
1462 1519 1463 1528 ’

158 1636 291 1720 Lepido,
305 1646 341 1698 ut
355 1645 431 1698 ante
450 1634 543 1697 dixi?
564 1635 635 1716 quis
656 1633 769 1697 eodem
784 1635 913 1700 sanior?
957 1632 1048 1697 Vidit
1068 1635 1138 1696 eius
1159 1635 1364 1696 maestitiam

156 1748 251 1820 atque
277 1738 424 1800 lacrimas
450 1737 581 1820 populus
607 1735 774 1800 Romanus
799 1736 1040 1820 Lupercalibus:
1073 1736 1157 1800 vidit
1179 1755 1276 1818 quam
1303 1737 1364 1800 ab·
1462 1765 1463 1838 y

113 1855 142 1906 ¹⁵
158 1843 270 1922 iectus,
300 1857 396 1920 quarn
426 1839 591 1902 confectus
620 1848 716 1923 esset,
747 1858 820 1903 cum
846 1837 979 1903 Caesari
1009 1839 1158 1904 diadema
1187 1841 1364 1922 imponens
1462 1859 1463 1912 l

157 1943 320 2007 Antonius
345 1959 472 2004 servum
502 1962 537 2004 se
567 1943 772 2026 illiusquam
802 1943 957 2025 collegam
986 1963 1056 2006 esse
1086 1942 1236 2005 malebat
1289 1942 1361 2028 Qi
1462 1919 1463 1944 ³

157 2049 184 2112 si
215 2045 345 2127 reliquis
375 2043 506 2127 flagitiis
535 2055 569 2109 et
597 2047 769 2109 sceleribus
799 2065 833 2108 se
862 2047 1024 2109 abstinere
1053 2047 1221 2130 potuisset,
1246 2055 1362 2108 tamen
1462 2105 1463 2116 y

157 2169 256 2216 unum
277 2150 319 2213 ob
340 2149 400 2213 hoc
423 2149 542 2214 factum
563 2148 698 2232 dignum
719 2149 808 2212 illum
830 2151 921 2212 omni
943 2169 1046 2233 poena
1069 2159 1221 2234 putarem.
1267 2149 1363 2211 Nam
1462 2151 1463 2154 ’

157 2257 186 2318 si
216 2255 284 2337 ipse
313 2254 431 2316 servire
461 2261 597 2337 poterat,
625 2253 718 2315 nobis
744 2251 911 2315 dominum
941 2272 995 2315 cur
1024 2253 1232 2336 imponebat?
1269 2262 1303 2314 et
1330 2253 1361 2314 si

113 2375 145 2414 ao
157 2360 226 2420 eius
246 2357 382 2439 pueritia
401 2356 571 2439 pertulerat
586 2355 738 2419 libidines
757 2375 879 2439 eorum,
894 2359 947 2438 qui
968 2367 1060 2419 erant
1075 2359 1110 2418 in
1128 2375 1201 2419 eum
1216 2357 1362 2440 tyranni,
1462 2305 1463 2392 l

157 2462 299 2523 etiamne
326 2461 361 2521 in
389 2467 513 2522 nostros
538 2459 655 2522 liberos
681 2459 848 2521 dominum
875 2469 908 2522 et
932 2470 1104 2544 tyrannum
1130 2459 1363 2542 comparabat?

158 2559 269 2644 Itaque
289 2561 347 2626 illo
369 2561 549 2644 interfecto,
571 2562 697 2644 qualem
723 2564 757 2625 in
782 2581 841 2625 nos
863 2583 936 2625 eum
960 2583 1029 2626 esse
1053 2564 1167 2647 voluit,
1191 2564 1265 2626 talis
1290 2567 1362 2647 ipse

158 2667 193 2727 in
218 2674 339 2728 ceteros
359 2666 493 2729 exstitit.
537 2665 612 2752 Qa
632 2667 720 2728 enim
743 2667 779 2727 in
801 2665 1132 2748 barbaria'quisquam
1153 2675 1220 2729 tam
1243 2675 1361 2750 taeter,
1375 2687 1407 2732 ra

158 2778 225 2832 tam
240 2767 375 2831 crudelis
391 2777 544 2853 tyrannus
559 2786 654 2850 quam
669 2769 704 2830 in
721 2767 781 2830 hac
798 2769 873 2830 urbe
888 2771 986 2832 armis
1006 2769 1207 2832 barbarorum
1222 2772 1361 2852 stipatus

113 2897 143 2947 ²5
159 2871 345 2936 Antonius?
389 2869 527 2934 Caesare
550 2871 740 2935 dominante
764 2871 971 2934 veniebamus
998 2875 1032 2934 in
1058 2883 1217 2956 senatum,
1239 2876 1268 2935 si
1293 2893 1360 2936 non

158 2974 268 3059 libere,
304 2983 338 3037 at
375 2983 484 3038 tamen
523 2983 603 3038 tuto.
658 2971 733 3036 Hoc
770 2974 1089 3058 archipirata—quid
1126 2978 1215 3039 enim
1252 2976 1361 3040 dicam

158 3155 562 3270 nithtlllhtltllsi
581 3157 670 3270 lh:
690 3157 734 3269 {ll
783 3157 1186 3284 „trituras-:ata
1198 3155 1360 3283 &mihil
1462 3215 1463 3222 Ν

158 3285 256 3332 Conrula
267 3288 335 3333 elect.
785 3299 806 3333 a.
818 3284 858 3339 86.
871 3297 917 3347 352
939 3289 1015 3347 ‘Apud
1032 3287 1137 3348 Scopam,
1155 3290 1297 3335 fortunatum
1316 3288 1360 3335 ho·

190 3362 225 3394 cc.
240 3346 264 3402 8.
276 3361 300 3411 9.
319 3348 368 3395 Too
383 3347 449 3394 muel
467 3349 551 3411 welgbr
569 3360 630 3397 marr
647 3360 686 3398 not
707 3351 733 3399 be
782 3351 868 3398 minem
880 3351 1030 3399 etnobilem.'
1118 3381 1128 3400 0

158 3411 264 3460 octab&
279 3421 301 3459 ro
318 3411 599 3475 rhodongerofdeseot.
632 3416 668 3472 By
681 3417 733 3462 ealr-
818 3427 857 3476 14.
881 3417 1086 3479 Lupercalibus.
1133 3418 1174 3466 see
1209 3430 1231 3466 a.
1256 3430 1297 3479 34,
1327 3415 1358 3480 85

158 3477 411 3530 maculaverant,
429 3475 456 3534 by
472 3477 506 3524 li:
523 3476 586 3524 mal
602 3493 732 3536 maome.
783 3490 845 3528 nore.

158 3541 379 3604 bybr'aorrtrogeoaa
389 3541 611 3599 condacrirrRome.
620 3545 735 3604 followed
818 3558 855 3594 ao.
875 3547 930 3606 Qui
951 3558 1037 3603 erant.
1053 3547 1099 3595 dec.
1132 3547 1358 3610 Cp.2.18‚44and

158 3608 186 3668 by
207 3607 241 3654 bia
263 3605 415 3671 ignominium
432 3616 524 3663 retreat,
546 3608 596 3654 ond
614 3607 683 3668 Ioarly
705 3609 733 3670 by
783 3622 824 3673 45.

156 3673 199 3734 pla
237 3672 274 3735 'ng
293 3672 329 3719 rba
350 3681 446 3732 country
467 3673 514 3720 ineo
536 3673 590 3720 eivr'l
610 3687 668 3729 war,
685 3676 736 3722 ond
817 3673 856 3724 26.
875 3678 934 3724 Hoc
954 3677 1131 3739 archipirata,
1147 3677 1298 3733 &c.,¹under
1312 3679 1358 3726 thia

159 3736 208 3784 bloc
222 3735 340 3801 odiagtbc
352 3737 437 3784 Consul
453 3737 513 3795 elect.
528 3739 579 3787 who
590 3737 640 3786 hod
648 3739 733 3799 loyolly
783 3741 921 3801 arch-pirate
938 3741 982 3802 (for
1000 3751 1078 3804 tyrant
1098 3743 1116 3790 ir
1129 3753 1171 3790 too
1187 3745 1248 3808 good
1265 3759 1358 3792 aname

158 3800 257 3862 opposed
270 3801 431 3862 bim‚Arreorry
446 3803 581 3852 bodelored
595 3804 733 3852 rhedoorro
783 3805 904 3863 forhiml.
941 3810 963 3854 A
977 3817 1055 3868 tyrant
1072 3809 1091 3855 ir
1107 3811 1163 3872 only
1178 3809 1217 3857 the
1232 3824 1316 3868 enemy
1333 3811 1360 3856 ol

158 3881 204 3926 orry
215 3875 329 3913 overtaro
340 3867 370 3926 os
372 3877 448 3929 peace.
782 3870 818 3916 hi:
841 3871 948 3931 subjecta,
970 3889 984 3920 a
1006 3874 1078 3932 pirate
1106 3873 1147 3921 the
1174 3889 1257 3934 enemy
1280 3873 1307 3921 ol
1328 3875 1357 3922 all

192 3931 215 3980 8.
234 3931 276 3979 Ne
296 3934 500 3992 opprimamur:
517 3933 542 3989 if.
560 3933 611 3982 that
627 3934 653 3990 ir,
667 3933 733 3995 Lepi·
782 3935 902 3991 mankind,
920 3939 1043 4001 according
1066 3948 1092 3986 to
1110 3939 1209 3988 Cicero'a
1227 3953 1281 3986 own
1303 3940 1358 3986 deli·

158 3997 200 4044 dur
220 3995 301 4044 should
318 4011 390 4056 prove
408 3997 463 4044 false
482 4007 508 4046 to
523 3998 558 4046 hi:
574 3999 670 4061 loyalry,
688 4000 734 4047 and
783 4001 865 4057 aitiori,
882 4001 928 4050 Off.
948 4016 971 4063 3.
993 4016 1031 4064 ao,
1048 4013 1094 4065 107
1119 4005 1190 4051 ‘Non
1206 4013 1291 4054 estex
1309 4019 1358 4064 per·

157 4062 276 4124 joinwirh
292 4065 393 4124 Antony.
428 4063 454 4108 ln
471 4063 533 4110 what
550 4063 732 4112 followsCicero
783 4065 891 4113 duellium
913 4081 1009 4116 numero
1032 4069 1145 4124 definitur,
1167 4071 1206 4118 aed
1229 4072 1358 4118 communir

159 4128 229 4190 really
241 4131 332 4190 betrays
348 4127 384 4174 his
401 4128 459 4175 Icari
475 4127 527 4174 that
544 4127 642 4188 Lepidus
657 4129 733 4176 would
782 4131 854 4178 hostis
873 4133 991 4179 omnium:
1017 4147 1071 4182 cum
1090 4133 1136 4182 hoc
1155 4149 1197 4183 nec
1216 4135 1273 4182 fides
1291 4135 1359 4184 debet

159 4195 188 4241 bc
208 4194 317 4249 faithlesr,
336 4193 359 4241 in
381 4193 421 4240 the
444 4206 498 4254 very
517 4203 656 4242 eamertneas
676 4195 733 4241 with
783 4196 1203 4248 neciusiurandumeasecommune.'
1236 4201 1317 4248 llence
1328 4203 1358 4262 by

159 4259 236 4305 which
256 4260 286 4306 he
307 4259 384 4322 brings
404 4259 502 4306 forward
521 4272 611 4304 reasons
629 4259 683 4320 why
704 4259 733 4304 bc
783 4259 824 4306 the
835 4273 890 4322 very
901 4275 968 4308 name
980 4263 1009 4308 he
1021 4263 1038 4308 ir
1054 4265 1227 4327 arrengrheoing
1242 4265 1278 4312 hb
1292 4279 1357 4329 argu·

158 4323 240 4368 should
251 4325 280 4370 be
292 4323 394 4372 stauneh.
670 4385 671 4388 Ἴ
721 4349 722 4354 =
784 4331 848 4368 ment
859 4325 949 4384 against
961 4327 1115 4387 negotiatione
1127 4329 1184 4377 with
1195 4331 1301 4392 Antony.
