2998 4706
172 243 235 292 κιο
268 229 319 290 Μ.
339 227 374 288 1.
392 223 647 290 CICERONIS
662 225 831 290 ORATIO
845 227 1119 292 PHILIPPICA
1148 229 1243 292 VIII.
1290 246 1375 298 nst

170 387 313 452 Romani
344 407 438 453 causa
464 407 607 454 recusare
632 389 806 454 debemus?
859 389 1028 475 Equidem,
1052 401 1158 475 patres
1184 389 1375 473 conscripti,
1485 389 1486 394 ’

169 511 360 576 quamquam
384 493 444 557 hoc
469 493 589 556 honore
614 495 664 556 usi
691 495 793 578 togati
815 495 920 558 solent
944 515 1025 580 esse,
1051 512 1126 558 cum
1152 504 1202 557 est
1229 495 1266 556 in
1289 495 1377 576 sagis
1485 519 1486 522 ¹

171 598 300 676 civitas,
315 598 414 662 statui
430 607 540 661 tamen
556 617 576 660 a
591 597 683 661 vobis
698 599 876 682 ceterisque
896 599 1021 663 civibus
1037 600 1074 661 in
1088 609 1184 662 tanta
1201 599 1377 662 atrocitate

171 703 327 786 temporis
342 709 496 785 tantaque
518 701 758 785 perturbatione
774 703 819 764 rei
843 701 988 786 publicae
1011 721 1076 765 non
1097 701 1225 765 differre
1240 703 1377 764 vestitu.

143 803 253 878 sNon
268 807 361 868 enim
385 807 433 869 ita
453 807 593 888 gerimus
611 823 671 868 nos
691 803 751 867 hoc
774 805 859 868 bello
880 806 1073 890 consulares,
1088 814 1125 868 ut
1140 823 1242 888 aequo
1263 806 1379 868 animo

171 907 303 992 populus
318 905 486 970 Romanus
502 909 626 971 visurus
648 910 692 971 sit
709 911 810 972 nostri
833 909 965 973 honoris
986 912 1143 994 insignia,
1158 927 1232 973 cum
1255 909 1377 991 partim
1485 989 1486 992 Ἴ

170 1031 190 1074 e
213 1011 307 1074 nobis
332 1013 380 1074 ita
403 1010 513 1075 timidi
536 1014 616 1096 sint,
637 1021 673 1074 ut
695 1029 826 1076 omnem
851 1015 958 1098 populi
976 1013 1121 1078 Romani
1146 1011 1377 1076 beneficiorum
1478 997 1486 1078 „¹

171 1115 361 1177 memoriam
383 1115 573 1199 abiecerint,
590 1116 709 1200 partim
730 1117 778 1180 ita
798 1135 818 1178 a
839 1137 872 1180 re
895 1117 1022 1201 publica
1044 1119 1161 1200 aversi,
1175 1126 1211 1179 ut
1230 1135 1265 1178 se
1287 1115 1375 1179 hosti

169 1217 277 1282 favere
303 1237 378 1302 prae
405 1237 439 1282 se
466 1219 583 1303 ferant,
609 1219 731 1303 legatos
759 1230 883 1284 nostros
909 1222 950 1284 ab
976 1222 1126 1286 Antonio
1147 1221 1316 1305 despectos
1341 1231 1376 1282 et
1485 1213 1486 1222 ’

126 1351 157 1388 ιο
170 1325 280 1387 irrisos
317 1323 413 1386 facile
451 1323 626 1406 patiantur,
664 1323 804 1406 legatum
841 1324 980 1388 Antonii
1020 1324 1222 1388 sublevatum
1259 1323 1377 1384 velint.

169 1427 269 1492 Hunc
290 1429 381 1492 enirn
406 1425 510 1489 reditu
532 1425 573 1489 ad
597 1426 781 1489 Antonium
805 1427 966 1512 prohiberi
986 1429 1147 1511 negabant
1169 1435 1316 1510 oportere
1342 1435 1377 1488 et

170 1537 206 1596 in
221 1530 335 1594 eodem
348 1527 540 1612 excipiendo
555 1530 753 1592 sententiam
769 1547 877 1594 meam
892 1532 1111 1613 corrigebant:
1134 1531 1249 1613 quibus
1264 1545 1377 1611 geram
1485 1601 1486 1606 γ

169 1653 301 1698 morem.
345 1633 474 1697 Redeat
497 1632 538 1696 ad
565 1634 789 1717 imperatorem
816 1653 908 1698 suurn
933 1633 1060 1719 Varius,
1083 1633 1139 1698 sed
1158 1653 1199 1698 ea
1223 1632 1307 1717 lege,
1333 1653 1376 1695 ne
1484 1683 1486 1688 2

168 1755 321 1819 umquam
348 1735 492 1800 Romam
521 1745 706 1800 revertatur.
760 1737 890 1803 Ceteris
915 1747 1035 1822 autem,
1059 1739 1087 1800 si
1115 1755 1254 1801 errorem
1280 1755 1375 1800 srrurn

125 1867 135 1902 1
141 1841 374 1926 edeposuerint
396 1853 429 1904 et
455 1859 530 1906 cum
552 1857 586 1904 re
613 1842 740 1924 publica
764 1843 800 1904 in
825 1843 964 1926 gratiam
988 1843 1155 1925 redierint,
1180 1841 1313 1904 veniam
1340 1851 1376 1903 et

169 1945 400 2029 impunitatem
414 1943 554 2008 dandam
568 1954 655 2029 puto.
1485 1991 1486 1996 η

212 2049 302 2138 Quas
317 2049 358 2112 ob
374 2067 423 2111 res
447 2051 494 2112 ita
509 2067 645 2112 censeo:
668 2047 797 2133 Eorum,
812 2050 868 2132 qui
890 2067 964 2113 cum
978 2049 1027 2114 M.
1044 2048 1194 2114 Antonio
1213 2055 1301 2130 sunt,
1316 2047 1374 2128 qui
1387 2057 1427 2107 att

168 2155 210 2218 ab
233 2154 331 2218 armis
357 2153 564 2217 discesserint
592 2162 625 2216 et
647 2151 765 2216 autad
788 2153 827 2218 C.
851 2150 991 2217 Pansam
1016 2162 1072 2215 aut
1097 2152 1138 2215 ad
1156 2151 1197 2214 A.
1224 2150 1376 2214 Hirtium

168 2257 316 2322 consules
337 2267 393 2321 aut
415 2257 455 2321 ad
471 2256 645 2320 Decimum
666 2256 798 2321 Brutum
821 2257 1058 2341 imperatorem,
1080 2255 1245 2319 consulem
1267 2254 1376 2337 desig-
1481 2255 1486 2278 ‘³

124 2387 157 2423 ro
169 2371 293 2446 natum,
308 2371 364 2424 aut
378 2361 418 2424 ad
433 2359 473 2426 C.
489 2359 661 2426 Caesarem
677 2377 734 2444 pro
748 2369 893 2443 praetore
912 2369 988 2423 ante
1004 2357 1079 2422 Idus
1093 2358 1233 2423 Martias
1253 2359 1376 2441 primas

168 2466 319 2550 adierint,
335 2466 378 2528 iis
392 2463 497 2527 fraudi
519 2483 560 2527 ne
575 2465 631 2548 sit,
651 2463 734 2546 quod
753 2483 827 2528 cum
841 2463 892 2528 Μ.
907 2463 1054 2526 Antonio
1074 2462 1206 2526 fuerint.
1248 2461 1281 2527 Si
1300 2462 1375 2544 quis

169 2589 290 2654 eorum,
304 2571 360 2652 qui
381 2586 455 2632 cum
470 2566 520 2631 Μ.
536 2567 683 2631 Antonio
702 2577 790 2651 sunt,
807 2567 921 2631 fecerit
941 2567 1024 2650 quod
1047 2567 1166 2630 honore
1187 2569 1374 2651 praemiove

168 2673 301 2757 dignum
330 2691 399 2736 esse
426 2669 583 2755 videatur,
612 2671 661 2735 uti
688 2669 728 2736 C.
753 2669 858 2735 Pansa
884 2671 925 2734 A.
947 2669 1078 2735 Hirtius
1106 2671 1265 2754 consules,
1291 2670 1375 2733 alter

168 2778 316 2861 ambove,
336 2781 365 2842 si
386 2775 428 2838 iis
446 2774 620 2858 videbitur,
635 2775 675 2838 de
696 2775 765 2838 eius
784 2774 903 2838 honore
922 2776 1107 2859 praemiove
1124 2776 1228 2858 primo
1247 2790 1373 2857 quoque

125 2903 153 2956 25
168 2882 222 2946 die
236 2879 275 2944 ad
290 2888 439 2943 senatum
457 2877 607 2941 referant.
650 2877 683 2944 Si
705 2880 778 2961 quis
801 2889 873 2963 post
894 2879 953 2942 hoc
973 2888 1104 2942 senatus
1126 2878 1308 2942 consultum
1329 2879 1373 2940 ad

168 2985 350 3050 Antonium
372 2981 530 3068 profectus
553 2991 639 3046 esset
661 2991 785 3066 praeter
807 2980 844 3045 L.
868 2981 1012 3066 Varium,
1035 2991 1183 3047 senatum
1205 2983 1373 3047 existima-

169 3099 274 3152 turum
290 3105 363 3151 eum
378 3095 491 3150 contra
505 3105 574 3150 rem
589 3085 751 3169 publicam
766 3086 891 3150 fecisse.

202 3283 225 3316 a.
244 3269 302 3316 Hoc
321 3269 426 3316 honore
446 3268 495 3322 uti.
514 3266 596 3314 ‘those
612 3267 667 3314 vrho
686 3268 745 3314 have
796 3269 826 3316 R.
840 3269 870 3316 R.
894 3276 941 3330 147
970 3269 1062 3316 ‘Locus
1081 3268 1141 3316 vinis
1158 3269 1188 3316 ad
1209 3267 1262 3316 Kal.
1282 3268 1371 3316 Octob.

169 3335 227 3381 been
239 3331 351 3388 Consuls‚'
367 3347 403 3392 cp.
414 3348 435 3380 c.
449 3344 487 3387 ιο,
501 3329 531 3379 28
548 3333 657 3379 ‘summis
672 3332 746 3381 bono-
794 3334 879 3396 primas
888 3334 978 3381 dabitur
985 3332 1000 3390 ς’
1013 3335 1058 3381 and
1067 3334 1127 3396 Livy
1136 3346 1174 3396 23.
1183 3347 1213 3396 3²
1227 3333 1274 3391 ·Q.
1285 3333 1370 3381 Fabius

168 3399 229 3448 ribus
240 3398 290 3446 usi!
794 3399 874 3455 edixit.
886 3408 912 3446 ut
924 3401 1038 3446 frumenta
1047 3413 1127 3448 ornnes
1138 3415 1167 3447 ex
1175 3400 1242 3463 agris¹
1250 3407 1304 3446 ante
1316 3399 1371 3446 Kal.

205 3478 241 3513 ro.
261 3464 433 3512 Sublevatnm
454 3464 551 3517 velint.
574 3469 628 3510 ‘are
647 3465 744 3512 anxious
794 3464 844 3512 lun.
861 3465 989 3526 primasio
1003 3465 1070 3512 urbes
1086 3465 1186 3514 munitas
1200 3465 1372 3514 conveherent'

168 3530 220 3580 that
232 3531 261 3577 all
272 3528 399 3577 difficulties
411 3527 492 3574 should
510 3529 539 3575 be
556 3531 666 3576 removed
684 3531 744 3578 from
794 3529 848 3578 The
860 3539 926 3578 exact
937 3531 1049 3591 precision
1064 3531 1093 3577 of
1103 3531 1236 3592 expression
1251 3529 1269 3578 is
1284 3529 1328 3577 due
1342 3539 1370 3576 to
1485 3587 1486 3596 ἵ

168 3595 286 3657 hirparh!
339 3603 343 3610 '
794 3594 928 3644 thesonnal
939 3596 1056 3644 character
1073 3597 1101 3643 of
1114 3596 1155 3644 the
1170 3607 1226 3644 vote
1241 3611 1267 3643 or
1281 3595 1372 3656 procla·

205 3673 242 3708 ra.
262 3663 292 3708 ln
312 3661 407 3708 eodem
433 3661 606 3721 excipiendo.
624 3659 678 3716 dcc..
705 3663 743 3708 ‘in
794 3661 892 3710 motion.
925 3663 1028 3724 Opalan
1040 3655 1205 3724 Μηρώ.

169 3727 209 3776 tlte
220 3736 305 3774 matter
316 3727 345 3773 ol
360 3725 395 3773 iris
412 3727 529 3786 reception
547 3725 667 3788 myvievs
683 3740 744 3774 were
829 3740 866 3776 ar.
886 3728 912 3776 si
933 3729 992 3790 quis
1012 3743 1114 3782 eorum.
1136 3725 1179 3776 dte.
1221 3726 1279 3774 This
1297 3741 1371 3775 seems

169 3792 289 3840 orerruled
297 3791 315 3848 ;'
326 3791 408 3840 Cicero
427 3791 514 3856 having
531 3792 589 3839 been
605 3792 633 3838 οἱ
647 3793 743 3853 opinion
793 3799 819 3838 to
830 3795 896 3854 point
908 3801 934 3840 to
945 3794 984 3842 the
994 3793 1178 3854 contemplation
1189 3794 1217 3840 of
1225 3807 1288 3842 some
1299 3801 1337 3840 act
1345 3794 1377 3840 os

170 3859 222 3906 that
244 3856 274 3904 he
293 3857 373 3904 should
394 3871 463 3904 never
481 3857 540 3906 hare
562 3859 620 3904 been
640 3859 744 3906 received
794 3857 921 3920 treachery,
933 3875 959 3908 or
970 3873 1028 3907 even
1040 3874 1099 3920 open
1111 3859 1221 3915 violence,
1233 3873 1319 3922 among
1330 3857 1372 3906 the

170 3925 221 3972 into
231 3923 271 3970 the
282 3923 345 3985 city;
362 3937 399 3970 aee
411 3924 491 3978 above,
502 3938 521 3970 c.
536 3936 573 3980 10,
585 3923 623 3971 28.
794 3923 892 3988 soldiery
903 3925 931 3972 of
939 3926 1042 3987 Antony.

206 4002 243 4052 13.
262 3989 367 4044 Varius.
379 3989 472 4050 Cotyla.
505 3988 587 4036 Seeon
600 3999 623 4050 5.
637 4001 658 4044 a.
671 3999 694 4049 5.
829 4002 866 4052 23.
886 3991 1028 4047 Consules,
1043 3991 1090 4038 dec.
1122 3989 1373 4052 Thisappearaintbe

205 4069 243 4104 ao.
273 4059 344 4103 Ante
381 4056 441 4103 Idus
483 4055 595 4103 Martias
632 4056 743 4115 primas,
794 4053 1371 4106 VaticanMS.inthecontractedlorm‘cossa

171 4123 262 4171 ‘before
273 4121 313 4169 the
325 4121 375 4168 lder
386 4119 415 4166 oi
423 4119 505 4168 March
518 4122 589 4168 next!
627 4119 670 4179 Cp.
682 4119 743 4168 Cato
795 4120 840 4170 ais!
873 4119 915 4170 See
926 4137 957 4170 on
971 4133 993 4184 5.
1007 4133 1045 4186 19,
1058 4134 1097 4184 53.
