2970 4698
126 243 280 298 tere-re.
446 233 532 294 ΘΚΑ
543 233 618 294 I'IO
646 234 922 296 PHILIPPICA
958 235 1009 296 VI.
1267 249 1324 317 177

127 388 251 452 medius
274 393 308 453 in
326 392 363 454 L.
379 394 516 457 Antonii
539 395 693 459 clientela
715 397 789 460 est?
832 397 917 485 Qis
940 414 1090 478 umquam
1114 397 1148 458 in
1172 395 1229 458 illo
1248 393 1328 458 lano

127 494 279 556 inventus
294 504 355 578 est,
369 498 425 578 qui
441 497 479 560 L.
496 497 642 562 Antonio
657 499 748 563 mille
763 519 930 564 nummum
945 499 1042 563 ferret
1056 499 1253 583 expensum?

88 591 114 658 6
168 597 230 660 Sed
255 601 356 662 nimis
381 600 483 664 multa
507 601 548 664 de
574 605 685 685 nugis:
714 603 754 666 ad
780 623 908 667 causam
935 602 1115 685 bellumque
1139 602 1328 683 redeamus3

124 719 318 784 quamquam
333 722 399 766 non
414 703 557 768 alienum
571 705 633 769 fuit
649 725 800 788 personas
814 706 967 790 quasdam
987 727 1007 770 a
1022 707 1114 770 vobis
1132 707 1328 790 recognosci,

125 811 161 865 ut
176 807 364 888 quibuscum
379 805 498 869 bellum
513 817 673 891 gereretur
682 811 819 892 possetis
830 812 924 875 taciti
939 811 1090 892 cogitare.
1134 808 1203 892 Ego
1219 819 1356 873 autems

126 925 185 969 vos
208 909 327 991 hortor,
350 909 508 994 Quirites,
529 921 565 974 ut
589 914 738 975 etiamsi
763 913 878 976 melius
902 913 989 977 aliud
1013 913 1087 997 fuit,
1104 922 1217 976 tamen
1243 911 1329 994 lega·

125 1019 233 1073 tomm
256 1011 395 1076 reditum
417 1017 609 1098 exspectetis
634 1017 746 1079 animo
771 1036 882 1099 aequo.
936 1015 1097 1080 Celeritas
1112 1016 1264 1080 -detracta
1288 1015 1328 1077 de

76 1123 112 1170 1⁰
126 1131 223 1178 causa
248 1123 316 1177 est:
344 1116 420 1178 boni
444 1125 555 1180 tamen
575 1117 696 1201 aliquid
719 1121 855 1184 accessit
880 1120 920 1184 ad
944 1139 1083 1183 causam.
1127 1119 1212 1185 Cum
1238 1120 1327 1180 enim

128 1216 227 1299 legati
253 1219 480 1304 renuntiarint,
504 1221 588 1304 quod
610 1219 698 1285 certe
724 1223 966 1305 renuntiabunt,
991 1243 1057 1286 non
1081 1224 1117 1285 in
1143 1229 1250 1284 vestra
1273 1240 1329 1304 po-

126 1329 259 1404 testate,
286 1341 351 1385 non
378 1324 413 1385 in
436 1335 567 1388 senatus
588 1345 658 1389 esse
680 1326 872 1410 Antonium,
895 1326 968 1408 quis
993 1326 1055 1388 erit
1077 1333 1145 1387 tam
1166 1325 1329 1407 improbus
1344 1353 1378 1388 ιο

127 1425 210 1486 civis
231 1425 286 1507 qui
309 1425 403 1490 illum
424 1427 531 1492 civem
553 1427 733 1492 habendum
752 1429 867 1512 putet?
913 1427 1012 1493 Nunc
1034 1428 1124 1490 enim
1142 1436 1217 1490 sunt
1235 1427 1328 1510 pauci

127 1526 177 1590 illi
200 1528 342 1613 quidem,
362 1530 418 1593 sed
440 1539 549 1594 tamen
571 1532 688 1615 plures,
710 1551 806 1615 quarn
829 1551 862 1594 re
885 1531 1012 1616 publica
1034 1531 1167 1614 dignum
1189 1539 1251 1614 est,
1273 1529 1328 1612 qui

128 1633 176 1694 ita
201 1631 387 1713 loquantur:
420 1653 461 1696 ne
487 1633 609 1717 legatos
631 1633 761 1718 quidem
785 1635 1065 1718 exspectabimus?
1118 1632 1219 1696 Istam
1242 1641 1329 1696 certe

128 1753 242 1797 vocem
271 1735 575 1820 simulationemque
604 1737 796 1800 clementiae
834 1739 1033 1821 extorquebit
1063 1739 1135 1802 istis
1173 1757 1223 1800 res
1259 1737 1330 1820 ipsa

133 1837 307 1924 [publicaJ.
350 1839 426 1927 Qo
451 1841 563 1924 etiam,
589 1851 624 1903 ut
651 1839 803 1904 confitear
829 1842 933 1927 vobis,
959 1841 1376 1930 Qirites,minusho·15

128 1939 242 2003 diemo
265 1940 317 2003 die
340 1941 505 2026 contendi,
528 1945 635 2008 minus
659 1943 813 2030 laboravi,
834 1955 869 2009 ut
890 1945 972 2008 milri
996 1953 1125 2010 senatus
1149 1947 1330 2008 assentiens

128 2185 159 2230 ab
171 2185 220 2230 imo
233 2183 365 2240 Perdoeet;'
377 2185 422 2233 end
433 2187 482 2233 else
494 2185 552 2234 with
563 2185 603 2234 the
615 2201 707 2248 expres·
756 2186 903 2246 thefreedom
919 2188 950 2249 os
960 2187 995 2235 lis
1010 2195 1113 2246 Μαίη,
1135 2185 1174 2233 bul
1190 2185 1240 2232 etse
1254 2183 1332 2248 gr‘fled

128 2250 180 2296 sion
197 2249 243 2295 ‘ed
262 2250 364 2297 medium
385 2251 481 2307 lenum:
494 2251 570 2300 rather
591 2252 648 2300 then
666 2254 706 2299 ‘in
755 2253 810 2300 wire
828 2253 865 2300 tlte
876 2253 995 2318 seenigbt
1012 2253 1084 2300 welch
1106 2249 1191 2299 rbmeld
1208 2247 1275 2296 make
1295 2247 1331 2295 bie

128 2315 207 2362 medio
219 2314 291 2370 leno‚'
302 2317 327 2362 in
338 2315 395 2364 llor.
406 2317 428 2364 S.
440 2329 461 2364 s.
473 2330 496 2377 3,
513 2315 541 2365 18
755 2317 856 2365 counule
866 2319 939 2366 worth
954 2317 1074 2380 &ending
1088 2326 1118 2363 te.
1150 2313 1289 2362 Meanwhile
1304 2315 1332 2361 be

195 2380 338 2442 ‘Postquam
350 2383 424 2430 ermis
435 2397 469 2430 res
480 2397 533 2430 mee
546 2383 626 2430 lenum
756 2383 836 2430 would
845 2392 934 2431 content
942 2382 1038 2443 limeis
1043 2381 1097 2429 wtrb
1115 2379 1182 2442 tuing
1197 2391 1286 2442 wrong
1296 2379 1332 2426 tlte

214 2446 251 2493 Ad
265 2445 367 2494 medium
383 2448 453 2494 fracte
468 2458 511 2505 est,
523 2449 595 2496 eliens
612 2449 706 2513 negotia
749 2449 864 2506 forensest
885 2449 909 2495 in
926 2447 1023 2510 muling
1038 2447 1099 2494 tbuu
1112 2444 1272 2507 prepoeutioree
1286 2444 1332 2503 sor

245 2511 322 2567 meros
756 2513 886 2560 immediate
899 2513 982 2568 αοιίοη,
1000 2512 1071 2559 uitet
1090 2510 1125 2558 ete
1142 2510 1220 2557 tenea
1237 2509 1287 2556 teve
1306 2510 1336 2570 of

129 2577 176 2624 end
194 2575 243 2624 cle.
264 2575 311 2625 Off.
330 2588 353 2625 e.
372 2589 410 2639 24.
426 2577 457 2639 87
472 2577 522 2639 (²5,
542 2591 575 2642 90
593 2579 622 2626 os
635 2594 706 2641 many
755 2578 835 2638 liberty
855 2593 904 2625 rens
924 2577 1069 2640 stimularieg
1087 2575 1122 2624 att
1140 2583 1163 2620 to
1181 2574 1254 2630 mule,
1273 2573 1331 2628 redu.

129 2640 241 2702 editions)
253 2642 308 2690 ‘Sed
319 2651 372 2690 toto
383 2642 429 2690 ltec
437 2645 466 2690 de
472 2659 555 2707 genere
562 2645 706 2692 commodius
756 2642 854 2690 whether
864 2645 889 2690 in
899 2643 935 2690 Ibe
946 2643 989 2700 city
1000 2656 1028 2688 or
1036 2641 1072 2690 rte
1082 2649 1185 2698 eounby,
1195 2655 1254 2687 were
1262 2653 1333 2703 enger

130 2723 143 2754 e
156 2707 291 2768 quibusdem
302 2709 404 2768 optumis
413 2710 466 2756 viris
476 2709 506 2755 ed
515 2710 596 2758 lenum
603 2709 706 2756 inedium
756 2717 780 2756 to
790 2708 857 2754 erurlr
867 2707 994 2768 tbesrerezy
1003 2707 1053 2754 and
1062 2705 1169 2764 audueity
1179 2705 1316 2765 njdnteey.

130 2771 261 2820 sedentibus
275 2773 419 2833 disputetur}
457 2774 540 2822 Cicero
560 2775 609 2822 tells
622 2790 648 2822 ns
667 2776 707 2836 (de
789 2787 814 2835 4.
836 2774 969 2822 Personas
989 2774 1126 2834 quadem,
1143 2771 1195 2824 dte..
1211 2769 1332 2816 ‘thetbe-

130 2837 187 2885 Net
211 2838 281 2884 Deor.
303 2850 325 2886 e.
346 2849 384 2900 η,
402 2837 447 2901 67)
470 2839 522 2887 thet
545 2841 707 2887 ‘transitiones
758 2848 842 2886 recters
850 2839 880 2885 oi
887 2837 973 2886 certain
983 2851 1036 2884 men
1044 2833 1288 2884 shouldbereviesved
1300 2835 1332 2896 by

129 2903 222 2965 perviae
242 2904 291 2950 leni
310 2905 474 2954 nominentur!
513 2906 557 2953 We
579 2905 634 2952 beer
655 2905 707 2952 that
756 2903 820 2967 you!

131 2971 163 3024 Q.
179 2968 272 3016 Fulvius
287 2970 388 3025 Fluctus,
398 2970 423 3016 in
438 2982 484 3032 ¹74
495 2970 561 3028 tte„
573 2971 631 3020 built
643 2971 707 3018 three
791 2981 814 3030 5.
833 2969 922 3018 Teeiti
946 2969 1078 3033 cogitem,
1094 2966 1214 3016 ‘consider
1232 2965 1256 3012 iu
1274 2979 1333 3026 your

131 3035 188 3089 lani.
195 3034 274 3081 which
284 3049 339 3096 may
346 3036 407 3083 heve
419 3035 477 3083 been
485 3033 553 3083 those
563 3035 587 3084 in
594 3037 707 3097 question.
757 3035 848 3082 minds!

129 3099 202 3147 Orelli
222 3100 304 3147 indeed
323 3101 365 3162 (on
388 3101 446 3149 lior.
468 3099 490 3150 S.
512 3102 571 3152 l.c.l
589 3110 671 3162 quotes
693 3117 708 3148 s
790 3097 813 3147 ⁶.
832 3101 922 3148 Etienx
942 3099 1095 3151 si...luit.
1113 3096 1235 3160 ‘grauting
1251 3095 1333 3142 theta

128 3180 224 3229 passage
235 3165 296 3212 from
307 3165 334 3214 Ρ.
345 3166 426 3214 Victor
437 3166 466 3213 de
477 3167 537 3230 Reg.
546 3167 602 3214 Urb.
615 3168 629 3214 Β
642 3167 706 3214 ‘leni
757 3163 862 3213 different
884 3179 963 3211 eoune
982 3177 1028 3210 wer
1045 3162 1171 3224 preferable
1176 3163 1190 3217 ;'
1212 3163 1257 3210 vie.
1279 3159 1332 3208 rhet

129 3231 177 3278 duo
188 3231 283 3278 celebris
297 3241 451 3280 mercatorum
468 3232 531 3280 locus
543 3267 549 3280 .
561 3268 567 3281 .
581 3267 586 3281 .
599 3232 648 3280 leni
660 3233 706 3278 duo
756 3230 933 3279 recommended
944 3230 976 3291 by
988 3229 1069 3275 Cicero
1081 3227 1105 3274 ln
1116 3227 1156 3274 the
1167 3226 1219 3274 lilth
1230 3227 1332 3282 oration,

129 3297 246 3357 praecipui
263 3297 293 3344 ed
312 3311 390 3344 arcum
410 3297 545 3353 Fabianum.
564 3299 665 3359 superior
682 3305 706 3344 et
756 3305 782 3342 to
794 3304 852 3342 treet
864 3296 995 3358 Autonyes
1012 3308 1042 3340 en
1058 3307 1141 3356 enemy
1152 3293 1250 3340 without
1268 3306 1333 3340 more

130 3359 705 3426 inferior‚'essupportingeriewtbet¹rummue’
757 3361 808 3408 edo.

129 3428 177 3474 end
192 3429 266 3474 ‘imus
279 3427 355 3476 leuus'
372 3443 432 3475 were
450 3429 542 3476 dutinct
559 3427 645 3483 arches.
662 3429 707 3475 end
792 3426 932 3487 13.1stsnr
959 3440 1063 3480 rocem.
1086 3424 1154 3471 ‘thet
1171 3423 1333 3475 marchwarde

130 3493 236 3540 ‘medius
248 3493 326 3540 leuus'
337 3493 378 3542 the
393 3508 459 3554 spece
476 3493 597 3550 between3
614 3495 655 3541 but
667 3493 709 3540 the
757 3506 793 3552 cp.
804 3491 868 3538 Verr.
881 3495 934 3539 Act.
948 3503 969 3538 e.
982 3503 1005 3552 5.
1016 3488 1056 3550 ⁶5.
1071 3487 1116 3537 168
1128 3489 1264 3536 'Constitue
1277 3487 1333 3536 nibil

130 3559 251 3620 authority
262 3558 291 3604 ol
304 3559 344 3605 the
365 3559 468 3622 writiugs
490 3559 565 3606 which
585 3575 616 3623 go
636 3559 707 3606 under
757 3571 805 3604 esse
827 3556 876 3617 opis
898 3557 921 3602 in
943 3555 987 3604 hec
1010 3569 1074 3610 voce.
1097 3556 1167 3602 civis
1192 3555 1332 3601 Romenus

130 3623 173 3671 tlte
189 3639 258 3671 mure
276 3624 304 3670 ni
315 3623 396 3671 Victor
413 3625 431 3672 is
449 3625 564 3690 generally
580 3639 635 3672 nost
653 3639 708 3672 cou-
759 3619 834 3670 sum?

130 3689 360 3738 sideredworthless.
794 3688 894 3746 14Res
915 3683 1126 3747 ipselpublica).
1151 3681 1333 3738 Thelestword

166 3754 418 3816 e
759 3813 1334 3878 „inm

133 3897 207 3940 ι,οοο
222 3885 317 3932 sestertii
338 3893 362 3932 et
379 3884 426 3932 this
443 3884 501 3932 time
521 3900 580 3933 were
598 3885 674 3933 worth
693 3900 708 3931 s
758 3882 863 3929 Muretus
875 3881 919 3928 end
931 3881 1077 3928 Geretonius.

131 3951 191 3998 little
209 3951 281 3996 under
299 3949 332 4015 91.
366 3949 411 3998 lior
431 3951 504 3998 ‘terre
519 3952 655 4013 expensum·
670 3965 707 3998 see
794 3945 1064 4008 reintromittant
1094 3943 1334 3992 'l’bisdeclsretionis

130 4030 164 4063 on
176 4027 200 4064 e.
212 4011 236 4070 6,
251 4027 288 4063 rs.
759 4021 783 4060 et
795 4013 900 4059 veriance
911 4011 968 4058 with
980 4011 1020 4058 the
1031 4019 1172 4058 eernestnese
1188 4010 1246 4057 with
1257 4009 1333 4056 which

164 4095 199 4128 cc.
211 4077 235 4138 6,
248 4089 270 4142 7.
289 4079 388 4144 ssougb
401 4080 436 4128 Ibe
451 4081 551 4141 embassy
561 4095 609 4128 wne
620 4079 709 4134 uetes,
759 4079 840 4126 Cicero
857 4079 928 4141 urged
945 4077 981 4124 his
997 4075 1061 4137 point
1078 4075 1101 4121 in
1116 4074 1156 4122 tlte
1169 4074 1222 4121 titth
1233 4074 1333 4129 oration.

128 4154 168 4206 yet
186 4161 239 4194 nore
257 4145 275 4192 it
290 4146 371 4195 mute
389 4146 414 4193 be
433 4145 478 4194 leet
496 4155 519 4194 te
541 4148 597 4194 weit
611 4145 656 4206 foe
673 4144 709 4192 the
758 4144 804 4192 end
815 4144 834 4190 is
847 4157 877 4190 en
891 4143 992 4206 epology
1004 4141 1085 4188 sorbis
1101 4141 1178 4188 delent
1189 4139 1245 4186 with
1258 4137 1333 4186 whlelr

130 4219 211 4259 reem
227 4209 300 4271 osue
315 4211 484 4260 umbmeudore.
520 4211 567 4260 ibe
576 4210 668 4272 suileere
684 4211 715 4271 os
758 4209 788 4256 be
798 4209 865 4256 could
875 4207 973 4270 ecereely
982 4207 1043 4255 here
1053 4206 1129 4266 boped
1140 4214 1166 4252 to
1174 4207 1261 4266 impose
1272 4217 1334 4264 upon

131 4277 191 4325 tbet'r
206 4277 300 4324 nu'ssiors
315 4275 395 4325 toould
406 4285 478 4338 prove
494 4277 544 4325 thot
566 4277 644 4325 cicero
660 4290 709 4322 wne
758 4274 794 4322 his
805 4273 922 4322 eudience.

131 4351 173 4390 eet
184 4341 238 4401 only
244 4342 390 4406 mmeegty
397 4344 507 4405 exergetie
518 4343 541 4389 in
554 4341 709 4402 meietaieieg
