2970 4700
137 251 201 338 328
475 253 527 314 M.
555 252 721 315 TULLII
746 249 1001 317 CICERONIS
1199 265 1344 320 σοῦ-7.

136 413 309 478 sentiente.
360 411 402 478 In
431 432 494 498 qua
522 415 675 478 contione
700 433 774 478 cum
804 433 857 478 me
885 433 943 497 pro
970 430 1095 477 summa
1123 419 1234 475 nostra
1263 429 1347 474 con-

137 519 306 582 iunctione
326 527 362 584 et
382 517 607 582 familiaritate
629 517 764 582 liberare
786 519 969 602 suspicione
991 517 1127 580 fascium
1144 513 1257 597 vellet,
1276 531 1347 576 una

136 639 216 686 voce
245 631 362 686 orncta
390 623 502 686 contio
529 621 706 686 declaravit
733 621 816 684 nibil
842 641 913 685 esse
938 641 959 684 a
982 640 1035 684 me
1060 639 1213 702 umquam
1238 616 1280 680 de
1310 637 1348 680 re

136 725 263 810 publica
286 727 351 790 nisi
377 727 500 809 optime
526 727 712 808 cogitatum.
767 723 844 788 Post
870 724 952 788 banc
977 724 1121 788 habitam
1149 723 1347 786 contionem

106 826 255 900 sduabus
277 829 419 892 tribusve
440 828 526 893 horis
548 829 743 912 optatissimi
764 829 871 891 nuntii
893 810 1080 892 etlitterae
1100 835 1280 890 venerunt:
1307 834 1348 888 ut

137 930 225 996 idem
245 931 316 994 dies*
334 949 401 994 non
422 931 518 995 modo
540 933 747 1014 iniquissima
767 951 819 994 me
842 929 1008 994 invidiali
1051 931 1140 1014 rarit,
1157 927 1214 992 sed
1237 929 1347 991 etiarn
1469 957 1480 1052 p

135 1033 342 1098 celeberrima
355 1034 463 1118 populi
477 1033 621 1098 Romani
636 1035 850 1118 gratulatione
864 1036 997 1097 auxerit.
1022 1007 1032 1136 J

178 1136 271 1200 Haec
291 1137 479 1222 interposui,
501 1147 607 1222 patres
625 1139 811 1222 conscripti,
826 1156 893 1200 non
909 1147 976 1200 tam
994 1145 1031 1200 ut
1051 1155 1107 1220 pro
1124 1155 1177 1199 me
1194 1134 1347 1198 dicerem
1361 1143 1396 1192 1⁷
1472 1118 1480 1196 l

133 1241 262 1304 -male
287 1241 377 1305 enim
404 1260 530 1306 mecum
555 1251 711 1326 ageretur,
737 1243 765 1304 si
792 1259 903 1325 panun
929 1242 1022 1304 vobis
1047 1259 1151 1303 essem
1180 1241 1254 1302 sine
1281 1239 1347 1302 de-
1471 1257 1480 1383 p

90 1365 123 1406 ro
133 1341 283 1410 fensione
312 1353 514 1430 purgatus-,
527 1363 624 1427 quam
653 1353 689 1408 ut
713 1343 867 1426 quosdam
890 1345 996 1410 nimis
1025 1345 1136 1406 ieiuno
1162 1344 1277 1406 animo
1306 1353 1346 1405 et

134 1459 274 1534 angusto
288 1467 464 1532 monerem,
479 1448 512 1511 id
526 1447 610 1531 quod
630 1466 755 1532 semper
775 1448 844 1532 ipse
861 1446 1023 1531 fecissem,
1038 1449 1086 1509 uti
1107 1445 1346 1510 excellentium
1478 1435 1480 1504 l

134 1554 256 1616 civium
296 1555 451 1616 virtutem
490 1553 675 1615 imitatione
715 1550 859 1636 dignam,
900 1570 966 1615 non
1007 1551 1133 1614 invidia
1175 1559 1344 1634 putarent.
1476 1557 1480 1646 4¹

132 1653 273 1739 Magnus
298 1665 347 1719 est
375 1656 410 1718 in
435 1675 469 1718 re
498 1655 624 1739 publica
649 1675 792 1740 campus,
821 1663 857 1717 ut
882 1656 1042 1740 sapienter
1067 1653 1174 1716 dicere
1198 1651 1344 1718 Crassus

88 1877 118 1928 ¹⁵
132 1861 294 1944 principes
316 1860 475 1945 viverent,
493 1861 548 1944 qui
572 1882 624 1928 me
647 1871 718 1946 post
740 1881 849 1925 meum
871 1861 1084 1945 consulantur,
1104 1879 1179 1924 cum
1199 1861 1242 1922 iis
1264 1861 1340 1943 ipse

131 1961 291 2046 cederem,
321 1965 501 2048 principem
528 1982 594 2027 non
626 1967 724 2029 inviti
750 1965 926 2029 videbant!
978 1964 1054 2029 Hoc
1082 1983 1159 2027 vero
1187 1971 1340 2046 tempore
1472 1931 1480 1972 Α

132 2065 168 2128 in
199 2075 294 2130 tanta
323 2068 435 2150 inopia
464 2070 685 2132 constantium
713 2078 747 2134 et
775 2069 908 2132 fortium
940 2067 1157 2132 consularium
1184 2086 1249 2150 quo
1280 2085 1340 2130 me
1478 2023 1480 2122 i

131 2169 240 2234 dolore
259 2169 344 2234 affici
366 2170 513 2254 creditis,
530 2191 604 2236 cum
626 2172 708 2236 alios
730 2172 814 2235 male
834 2173 968 2256 sentire,
987 2171 1069 2236 alios
1092 2170 1341 2233 nihilomnino
1477 2165 1480 2272 i

131 2293 241 2338 curare
271 2274 412 2358 videam,
441 2275 524 2338 alios
554 2293 663 2359 parum
693 2283 881 2339 constanter
907 2275 942 2337 in
968 2283 1114 2359 suscepta
1139 2292 1237 2338 causa
1262 2293 1339 2358 per·
1479 2291 1480 2322 l

87 2393 262 2442 ”manere
285 2379 545 2460 sententiamque
570 2397 661 2442 suam
687 2396 754 2441 non
777 2397 903 2462 semper
928 2377 1073 2441 utilitate
1099 2378 1145 2440 rei
1171 2377 1339 2461 publicae,
1470 2396 1475 2410 ·

131 2481 186 2544 sed
202 2490 272 2544 tum
286 2501 353 2566 spe,
369 2491 439 2544 tum
454 2483 572 2545 timore
588 2481 771 2546 moderari?
817 2480 913 2570 Qod
931 2483 959 2544 si
974 2483 1047 2563 quis
1061 2481 1101 2544 de
1119 2482 1338 2546 contentione
1351 2491 1389 2538 ts
1476 2443 1479 2552 i

131 2585 329 2669 principatus
355 2585 490 2670 laborat,
515 2603 596 2668 quae
626 2585 714 2649 nulla
739 2603 810 2648 esse
835 2584 944 2668 debet,
969 2584 1159 2649 stultissime
1184 2583 1277 2668 facit,
1304 2586 1337 2648 si

130 2688 224 2751 vitiis
247 2705 321 2752 cum
341 2688 461 2751 virtute
483 2687 674 2752 contendit:
699 2697 736 2750 ut
758 2689 848 2750 enim
871 2707 963 2751 cursu
985 2706 1104 2771 cursus,
1126 2689 1174 2752 sic
1198 2689 1234 2750 in
1252 2689 1339 2752 viris
1477 2699 1478 2720 ³

130 2788 267 2854 fortibus
296 2791 398 2854 virtus
428 2792 546 2854 virtute
573 2795 757 2874 superatur.
815 2790 881 2875 Tu,
910 2793 938 2854 si
974 2811 1034 2875 ego
1068 2790 1108 2854 de
1137 2810 1171 2854 re
1205 2790 1338 2875 publica
1475 2731 1478 2845 i

85 2913 117 2966 25
130 2895 253 2979 optime
275 2894 429 2977 sentiam,
450 2902 486 2956 ut
508 2912 561 2956 me
583 2894 707 2976 vincas,
731 2895 799 2976 ipse
821 2895 960 2978 pessime
982 2895 1127 2959 senties?
1152 2904 1219 2979 aut,
1239 2896 1269 2956 si
1290 2895 1335 2958 ad

130 3015 183 3060 me
206 2999 360 3061 bonorum
386 3015 575 3060 concursum
598 2995 665 3060 lieri
687 2995 824 3080 videbis,
845 2997 886 3060 ad
907 3007 941 3060 te
965 2999 1126 3081 improbos
1148 2997 1334 3062 invitabis?

131 3099 277 3186 Nollem,
306 3101 448 3184 primum
475 3101 521 3162 rei
553 3099 698 3184 publicae
727 3119 845 3183 causa;
881 3099 998 3165 deinde
1028 3102 1130 3166 etiam
1158 3101 1333 3184 dignitatis

130 3211 215 3267 tuae.
257 3205 319 3268 Sed
337 3205 365 3267 si
387 3205 584 3288 principatus
604 3211 759 3289 ageretur,
773 3222 868 3286 quem
889 3222 1063 3287 numquam
1082 3206 1237 3288 expetivi,
1252 3204 1330 3288 quid

170 3363 194 3414 6.
213 3365 263 3414 Sed
283 3367 376 3420 etlam,
394 3369 445 3420 dec..
457 3369 513 3414 ‘but
529 3366 571 3414 has
586 3367 634 3415 also
649 3385 703 3418 con·
753 3377 803 3432 part
822 3369 850 3416 ol'
868 3369 909 3418 the
926 3369 1032 3434 wording
1049 3371 1078 3418 of
1096 3369 1132 3418 his
1154 3368 1234 3417 advice
1251 3376 1277 3415 to
1293 3368 1331 3416 his

129 3429 241 3477 lerredon
252 3445 291 3476 me
301 3431 342 3477 the
353 3430 443 3476 honour
453 3431 482 3477 ol
495 3439 557 3478 most
567 3433 704 3484 unanimous
753 3436 898 3491 adversaries,
918 3435 1005 3484 instead
1025 3436 1053 3483 oi
1073 3436 1204 3498 expressing
1226 3435 1245 3482 it
1266 3450 1292 3482 as
1315 3450 1329 3482 a

128 3495 324 3559 congratulatione
335 3493 394 3540 lrom
406 3493 445 3541 tlte
457 3495 551 3542 Roman
562 3498 659 3557 people.'
752 3501 897 3561 parenthesis
908 3501 1056 3562 explanation
1068 3508 1095 3548 to
1105 3501 1147 3548 the
1158 3509 1244 3547 senate.

161 3577 182 3610 c.
196 3569 219 3623 7.
235 3561 273 3608 He
288 3559 440 3620 bimulswn
456 3570 497 3608 nor
511 3561 613 3610 desirous
629 3565 703 3624 osce·
788 3576 826 3628 13.
845 3567 965 3622 Crassus,
981 3566 1009 3614 L.
1026 3566 1127 3614 Licinius
1146 3566 1246 3620 Crassus.
1265 3565 1330 3614 Con·

128 3625 605 3691 pairisgmsdaepromr'nsrresr'atbestuter
621 3628 702 3678 andro
752 3630 786 3678 sul
802 3643 834 3694 95
851 3633 918 3688 B.C.,
930 3632 975 3679 and
993 3632 1139 3694 pronounced
1154 3632 1187 3694 by
1203 3631 1285 3678 Cicero
1303 3639 1330 3679 to

120 3691 169 3754 jor
185 3707 211 3738 nr
229 3691 256 3738 he
274 3690 351 3738 nim
371 3699 397 3738 ut
416 3691 542 3741 Mutina
560 3707 647 3758 among
667 3695 703 3744 his
752 3695 841 3758 dispute
852 3695 893 3744 the
903 3697 965 3758 palm
977 3697 1013 3744 lor
1027 3705 1121 3758 oratory
1132 3695 1189 3744 with
1207 3695 1242 3742 M.
1254 3698 1330 3744 Anto·

120 3755 309 3817 solima-cithera,
322 3757 465 3821 heeonfined
473 3759 569 3821 himself
573 3759 703 3808 rohonovr·
752 3762 812 3809 rrius.
843 3761 884 3809 See
896 3763 960 3810 Brut.
972 3760 1012 3824 36,
1025 3761 1085 3824 13&
1104 3762 1149 3808 and
1161 3759 1201 3817 86,
1215 3759 1269 3822 296.

125 3820 280 3877 addemnat,-
297 3821 365 3887 being
382 3824 496 3872 marcinus
511 3825 559 3874 star
573 3827 708 3888 nnyuseos
788 3838 826 3888 15.
845 3829 996 3890 Principes,
1023 3827 1124 3876 ‘leaders
1146 3825 1171 3873 in
1190 3826 1230 3874 the
1251 3827 1339 3884 state:—

127 3885 226 3945 dr'rloyol
240 3901 354 3935 meosrsres
369 3897 429 3936 must
446 3890 579 3950 secmariis
592 3889 663 3938 result
677 3891 701 3938 irr
751 3892 796 3940 and
807 3892 927 3954 especially
938 3907 992 3940 men
1003 3892 1032 3940 oi
1038 3893 1143 3940 consular
1153 3891 1221 3940 rank.

126 3951 288 4014 discomfitare.
320 3952 702 4004 Hencshehodhesrseonstoslirs
786 3957 824 4006 28.
844 3959 914 4018 Quid
933 3957 1110 4014 tandem,&c.
1143 3957 1330 4020 Astheprotasis

126 4017 162 4065 his
173 4015 249 4081 efforts
261 4019 306 4080 snr
321 4017 357 4066 the
366 4017 474 4078 sreedom
490 4021 561 4080 oseba
577 4031 640 4078 unte,
654 4022 704 4070 ond
751 4022 780 4070 of
793 4022 839 4070 this
851 4023 926 4071 clause
938 4025 1042 4071 wutains
1059 4024 1100 4072 tlre
1116 4023 1223 4084 opposite
1234 4037 1330 4088 sugges·

125 4082 175 4131 bod
184 4083 318 4145 perseam
332 4083 356 4131 irs
373 4083 443 4146 argis
477 4099 535 4142 wer.
546 4087 599 4147 only
610 4087 702 4135 morse
751 4088 801 4135 tion
812 4097 838 4135 to
849 4088 900 4136 that
913 4089 941 4136 ol
954 4087 994 4136 the
1005 4089 1128 4152 preceding
1139 4089 1328 4154 onesupposr'ng

126 4149 281 4208 epeecesuitb
289 4098 701 4214 Amymffrbvotmaenam
751 4152 834 4200 Cicero
855 4162 882 4200 to
904 4153 933 4201 be
955 4155 1064 4202 actuated
1086 4155 1118 4216 by
1139 4153 1180 4201 the
1202 4153 1328 4217 unworthy

125 4213 221 4272 olem
231 4215 273 4264 eil.
750 4218 838 4266 motive
860 4219 888 4266 oi
912 4219 1017 4279 pemoffl
1039 4220 1161 4274 ambitium
1183 4219 1273 4266 instead
1300 4222 1330 4268 ol

162 4289 199 4326 11.
219 4281 364 4330 fecissem.
396 4279 441 4326 We
454 4277 535 4326 should
551 4279 627 4326 rather
640 4281 700 4328 have
749 4283 845 4343 anxiery
860 4283 896 4328 for
913 4283 953 4330 the
966 4285 1029 4346 good
1043 4285 1072 4331 ol
1085 4284 1126 4331 tlre
1137 4291 1203 4344 state,
1223 4285 1269 4331 and
1284 4285 1326 4333 the

125 4343 236 4400 expected
250 4341 326 4400 'feci’
336 4346 377 4392 but
388 4344 470 4392 Cicero
483 4350 607 4401 represents
618 4343 699 4390 thiras
749 4345 866 4394 character
892 4347 921 4394 of
943 4346 979 4394 his
1005 4349 1079 4406 rivals,
1102 4363 1128 4397 so
1153 4347 1194 4396 the
1219 4349 1327 4411 epodosis

508 4575 658 4646 A.
