2970 4700
164 207 227 296 29⁸
502 207 553 268 rr.
583 204 746 268 ruam
773 198 1027 268 arcanorum
1204 209 1367 267 sss-10.
1460 179 1461 268 l

162 369 259 434 citius
282 365 389 431 delata
409 382 504 448 quam
527 366 645 448 scripta
667 373 752 428 sunt.
796 361 845 426 Ex
871 381 911 425 eo
933 379 1000 425 non
1022 361 1095 442 iter,
1114 357 1171 421 sed
1195 373 1308 419 orrsus
1335 363 1406 419 etro

163 471 238 554 iuga
261 471 295 534 in
315 469 470 534 Galliam.
510 467 630 534 Caesar
650 469 739 552 sequi
759 466 973 530 arbitrabatur
994 483 1068 528 cum
1087 462 1214 544 legione
1229 458 1366 538 Martis,

164 593 238 638 cum
257 584 381 658 quarta,
403 592 477 638 cum
498 572 671 654 veteranis,
696 589 829 653 quorum
849 568 905 631 ille
929 585 1048 630 nomen
1072 584 1145 648 prae
1171 571 1263 626 metu
1287 561 1366 623 ferre

165 697 233 742 non
257 687 397 762 poterat:
427 679 520 759 eique
544 677 580 738 in
603 673 747 739 Galliam
771 671 954 756 penetranti
974 670 1017 734 D.
1041 687 1076 732 se
1097 667 1210 731 Brunrs
1232 665 1367 746 obiecit,

137 781 220 863 equi
250 799 285 844 se
314 781 414 843 totius
444 779 522 842 belli
547 777 694 840 fluctibus
723 776 884 840 circumiri
910 793 1007 856 quam
1036 773 1129 835 illum
1156 779 1212 834 aut
1243 767 1367 851 regredi

165 893 221 947 aut
243 880 386 964 progredi
408 881 534 964 maluit,
558 879 784 962 Mutinamque
807 879 857 941 illi
877 877 1050 942 exsultanti
1071 886 1236 957 tamquam
1260 872 1368 934 frenos

166 985 280 1051 furoris
303 985 426 1046 iniecit.
471 982 579 1070 Qum
601 1002 675 1046 cum
697 983 843 1065 operibus
865 979 1160 1060 munitionibusque
1184 977 1369 1058 saepsisset,

165 1106 228 1152 nec
247 1103 321 1150 eum
339 1085 486 1150 coloniae
504 1085 749 1150 florentissimae
768 1085 910 1170 dignitas
928 1102 1031 1166 neque
1049 1081 1190 1146 consulis
1204 1079 1368 1161 designati

167 1191 320 1256 maiestas
334 1209 354 1252 a
369 1189 539 1273 parricidio
553 1188 736 1273 deterreret,
750 1197 820 1252 tum
836 1197 1032 1251 me-testor
1047 1196 1080 1249 et
1094 1203 1153 1248 vos
1168 1193 1202 1258 et
1217 1182 1369 1266 populum

123 1291 352 1360 roRomanum
381 1301 415 1356 et
442 1311 554 1356 omnes
579 1291 656 1355 deos
685 1295 740 1376 qui
770 1293 845 1355 huic
872 1291 943 1354 urbi
973 1288 1309 1375 praesident-invito
1337 1291 1371 1346 et

168 1407 364 1482 repugnante
381 1397 477 1480 legati
492 1397 584 1460 missi
599 1405 664 1458 tres
679 1395 859 1460 consulares
875 1395 917 1458 ad
932 1393 1091 1458 latronum
1109 1401 1142 1456 et
1156 1389 1371 1474 gladiatorum

168 1501 292 1566 ducem.
336 1499 420 1584 Quis
439 1509 507 1563 tanr
527 1499 675 1562 barbarus
693 1498 866 1580 umquam?
887 1507 955 1561 tam
974 1496 1149 1560 immanis?
1170 1503 1241 1556 tam
1261 1491 1412 1555 ferusin

170 1603 251 1668 Non
281 1602 416 1684 audivit,
443 1620 509 1666 non
539 1601 722 1685 respondit:
756 1620 859 1684 neque
884 1620 939 1664 eos
963 1599 1066 1663 solum
1092 1606 1289 1682 praesentes,
1317 1593 1372 1658 sed
1460 1583 1461 1630 ³

170 1705 272 1770 multo
294 1707 397 1787 magis
420 1723 490 1788 nos,
511 1704 664 1787 aquibus
684 1705 732 1767 illi
755 1715 847 1768 erant
870 1705 973 1786 missi,
991 1703 1111 1786 sprevit
1133 1711 1166 1764 et
1188 1719 1246 1784 pro
1269 1698 1374 1761 nihilo

127 1831 157 1882 rs
170 1807 305 1893 putavit.
346 1804 462 1870 Postea
482 1807 566 1888 quod
589 1806 703 1892 scelus,
724 1805 807 1890 quod
829 1806 955 1870 facinus
977 1804 1132 1890 parricida
1154 1823 1219 1866 non
1243 1801 1374 1865 edidit?

169 1907 391 1976 circumsedet
428 1910 559 1973 colonos
596 1919 734 1994 nostros,
770 1910 945 1974 exercitum
983 1908 1088 1992 populi
1118 1907 1276 1989 Romani,
1312 1907 1375 1968 im-

168 2019 349 2099 peratorem
384 2012 550 2078 consulem
581 2012 807 2096 designatum:
843 2031 934 2096 agros
963 2011 1093 2075 divexat
1128 2011 1250 2074 civium
1287 2012 1375 2092 opti·

171 2135 316 2184 morum:
354 2117 454 2180 hostis
479 2119 680 2181 taeterrimus
705 2117 854 2180 omnibus
884 2117 978 2180 bonis
1008 2133 1116 2179 cruces
1142 2133 1179 2178 ac
1209 2123 1376 2176 tormenta

172 2221 350 2284 minitatur.
403 2218 488 2286 Cum
514 2219 586 2303 hoc,
608 2218 656 2283 M.
680 2219 813 2304 Lepide,
839 2239 899 2304 pax
923 2239 993 2282 esse
1016 2237 1097 2301 quae
1121 2217 1252 2301 potest?
1282 2219 1376 2278 errius

129 2349 160 2388 ss
172 2343 214 2388 ne
229 2323 385 2406 supplicio
399 2322 528 2405 quidem
541 2323 609 2387 ullo
623 2324 733 2387 satiari
749 2323 873 2386 videtur
888 2341 980 2406 posse
994 2321 1127 2405 populus
1141 2319 1323 2385 Romanus

216 2425 311 2513 Qod
337 2428 366 2488 si
392 2427 463 2507 quis
492 2425 637 2489 dubitare
662 2424 764 2490 adhuc
790 2427 894 2509 potuit
917 2427 995 2507 quin
1021 2423 1109 2487 nulla
1134 2424 1272 2486 societas
1298 2423 1377 2486 huic
1389 2424 1428 2490 10

172 2527 278 2593 ordini
291 2528 479 2610 'populoque
501 2527 653 2592 Romano
675 2547 749 2592 cum
773 2528 829 2592 illa
852 2528 1127 2611 importunissima
1150 2524 1242 2588 belua
1266 2511 1422 2608 posset²²

173 2651 255 2715 esse,
283 2630 411 2694 desinat
437 2630 580 2715 profecto
607 2631 751 2696 dubitare
780 2633 831 2694 his
859 2631 998 2714 cognitis
1026 2630 1154 2711 litteris,
1182 2645 1262 2711 quas
1292 2629 1377 2691 mihi

174 2737 288 2800 missas
310 2735 351 2798 ab
369 2733 481 2797 Hirtio
501 2734 630 2798 consule
651 2735 747 2798 modo
768 2737 887 2818 accepi.
932 2733 995 2797 Eas
1015 2733 1091 2795 dum
1113 2733 1214 2795 recito
1235 2730 1380 2812 dumque

130 2859 159 2912 25
173 2837 213 2903 de
238 2839 373 2924 singulis
399 2841 572 2902 sententiis
596 2839 735 2902 breviter
758 2839 898 2923 disputo,
920 2836 1033 2919 velim,
1056 2844 1162 2919 patres
1187 2836 1380 2918 conscripti,

173 2951 209 3006 ut
239 2941 340 3005 adhuc
369 2941 505 3025 fecistis,
528 2961 579 3004 me
604 2951 728 3006 attente
747 2941 895 3005 audiatis.
950 2939 1143 3003 Antonius
1173 2935 1312 3000 Hirtio
1344 2947 1380 3000 et
1460 2961 1461 2966 ¹

173 3045 340 3111 Caesari.
386 3044 502 3128 Neque
526 3064 561 3108 se
585 3027 809 3128 imperatorem
833 3062 935 3126 neque
954 3041 1100 3106 Hirtium
1124 3040 1291 3105 consulem
1317 3061 1382 3103 nec

173 3167 231 3234 pro
267 3159 409 3233 praetore
445 3149 629 3214 Caesarem.
683 3147 767 3214 Satis
808 3148 868 3211 hoc
904 3146 1033 3229 quidem
1067 3145 1172 3208 scite:
1215 3144 1382 3227 deponere

210 3337 231 3373 ι.
251 3327 368 3374 Deleta:
397 3342 426 3374 sc.
451 3327 489 3374 ‘in
514 3328 647 3382 aerariumr'
674 3335 749 3378 ‘were
799 3329 876 3394 origia
893 3328 924 3389 os
934 3329 969 3377 his
987 3343 1038 3376 osus
1055 3327 1109 3388 m'se
1123 3325 1208 3380 Fadia,
1226 3334 1249 3372 ro
1265 3327 1384 3389 repe-meh

174 3389 312 3455 tegistered.'
346 3391 458 3452 See5.4,
472 3402 500 3438 12
513 3399 576 3439 note.
801 3393 934 3451 Masius
961 3402 1019 3440 most
1037 3390 1205 3457 ΜΝ),
1225 3391 1282 3440 utre
1309 3391 1384 3452 lonly

208 3466 231 3516 5.
250 3456 349 3504 Totins
378 3456 457 3511 belli,
485 3455 530 3504 &n
570 3457 613 3517 Cp.
635 3469 673 3506 rr.
694 3471 750 3520 Μ
800 3459 866 3508 sors.

175 3521 273 3568 ‘Brutus
285 3553 291 3567 .
303 3534 458 3583 ..progressu
475 3521 580 3578 struite
595 3523 668 3572 reditu
680 3525 751 3572 seire·
834 3537 872 3586 ²³·
892 3524 1016 3573 Desinat.
1045 3522 1134 3570 Ernesti
1143 3519 1385 3585 suggests‘desinet’
1460 3561 1461 3582 p

174 3587 247 3641 navit,
266 3585 365 3633 obsideri
383 3601 406 3634 se
423 3601 501 3647 passus
520 3601 550 3636 ex
568 3597 664 3650 utraque
685 3598 750 3651 purte
799 3589 842 3636 but
853 3589 893 3637 the
905 3589 1040 3648 imperative
1051 3588 1107 3636 suits
1118 3589 1194 3635 better
1204 3585 1262 3634 with
1281 3587 1326 3634 the
1338 3588 1385 3634 ins·

174 3651 310 3699 constrinxit
321 3650 463 3702 Antonium!
799 3657 889 3716 perious
900 3664 956 3701 tone
968 3654 996 3702 oi
1003 3654 1105 3703 Cinero's
1115 3653 1232 3700 esitium.

206 3728 230 3778 9.
250 3716 319 3764 Tum
355 3732 398 3765 me
430 3719 528 3775 insito,
550 3719 595 3768 &e
640 3719 681 3767 See
708 3718 749 3767 the
833 3717 872 3768 26.
889 3720 1028 3768 Antonius
1059 3719 1152 3767 Hirtio
1189 3727 1214 3766 et
1249 3717 1384 3766 Caesari.

173 3781 329 3830 introduction
340 3789 366 3828 to
378 3780 418 3830 the
429 3783 481 3832 fifth
493 3785 592 3834 oration.
799 3783 852 3832 The
861 3785 958 3832 absence
966 3786 996 3831 os
1003 3783 1043 3832 the
1055 3784 1115 3831 tides
1126 3783 1150 3828 in
1161 3780 1206 3830 this
1217 3782 1313 3830 address
1324 3797 1385 3844 may

205 3861 226 3894 e.
242 3857 280 3894 10.
306 3845 353 3894 rte
365 3847 458 3908 former
475 3849 603 3898 conclusion
626 3865 674 3898 suas
696 3864 748 3898 cos·
798 3849 859 3898 have
874 3849 948 3901 arisen
967 3849 1028 3896 from
1046 3865 1059 3895 a
1076 3848 1161 3912 feeling
1176 3863 1207 3894 on
1225 3845 1267 3894 the
1284 3855 1342 3908 part
1360 3849 1389 3895 oi

165 3909 633 3974 fieeudbydstony'sreesstiettertolhe
642 3913 745 3968 Consule.
801 3918 898 3977 Antony
919 3914 970 3961 that
991 3913 1059 3960 while
1078 3914 1135 3974 they
1153 3928 1212 3960 ssere
1230 3911 1338 3976 fighting
1358 3923 1385 3960 to

172 3975 245 4024 uslei
260 3977 339 4024 Cicero
357 3977 461 4026 critieius
478 3980 502 4026 iss
520 3980 589 4028 deteri
606 3981 746 4046 throughout
802 3981 882 4028 decide
893 3979 970 4026 which
980 3980 1041 4041 truly
1050 3979 1191 4039 represented
1203 3979 1288 4034 Rome,
1299 3977 1322 4024 it
1335 3993 1386 4026 ures

172 4041 209 4090 the
223 4041 354 4090 emunder
364 4042 435 4103 ostis
445 4045 528 4106 speech.
560 4045 746 4110 Igsorr'nglbsr'r
801 4045 909 4109 unfittirrg
925 4053 950 4092 to
968 4045 1044 4109 assign
1061 4053 1088 4091 to
1107 4043 1180 4091 either
1197 4051 1265 4104 party
1282 4043 1386 4092 Roman

170 4115 257 4170 proper
274 4107 321 4156 cle*
338 4108 424 4164 tration⁸
442 4109 469 4158 bs
488 4109 514 4157 be
531 4125 562 4156 oss
582 4110 609 4170 dy
627 4111 748 4174 decium
801 4113 869 4160 titles.
902 4109 1284 4159 Cicero'scritieisnrofthisietter
1295 4107 1385 4157 should

173 4171 209 4220 his
218 4173 262 4236 joy
272 4121 344 4221 ruffe
360 4174 454 4222 merrder
547 4174 633 4230 bosius,
645 4175 711 4223 while
722 4176 749 4222 be
800 4178 829 4223 be
840 4177 962 4236 compared
974 4175 1032 4224 with
1049 4175 1084 4223 his
1100 4175 1207 4222 criticisnr
1224 4175 1254 4222 of
1260 4172 1386 4238 Antony's

172 4235 289 4283 lammeri
303 4235 338 4284 ihs
354 4237 466 4296 uutlmm
481 4237 647 4296 psDolubeilu.
658 4239 707 4284 ond
722 4239 749 4284 se
799 4241 859 4286 edict
870 4241 894 4286 in
907 4253 930 4299 3.
941 4253 965 4301 9.

173 4311 228 4346 svers
236 4300 286 4348 bad
292 4300 328 4349 ebs
335 4301 472 4363 impudente.
477 4301 610 4362 sorgetls'ng
617 4299 750 4360 tbeigrrobls
