2998 4706
128 272 248 330 tta-⁷.
433 260 604 320 ORATIO
632 259 910 320 PHILIPPICA
937 259 1022 320 XII.
1266 275 1325 336 271

127 421 304 502 amittatis,
326 437 405 503 quae
428 420 569 482 maxima
590 429 651 503 est,
673 419 825 504 Antonii,
845 438 926 502 quae
949 439 1051 502 neque
1072 429 1122 482 est
1141 418 1206 482 ulla
1225 438 1327 501 neque

128 543 199 586 esse
225 532 343 606 potest,
369 523 549 606 retineatis,
573 532 609 586 ut
634 543 707 586 eam
731 543 786 606 per
809 542 867 587 vos
893 524 1062 607 reciperet,
1087 542 1183 606 quam
1209 541 1264 605 per
1291 542 1326 585 se

128 627 279 712 perdidit.
321 625 352 692 si
382 627 492 690 iacens
519 626 685 690 vobiscum
710 625 832 708 aliquid
859 635 980 710 ageret,
1003 626 1147 690 audirem
1171 627 1329 689 fortasse:

13 775 14 780 η
126 730 418 813 quamquam-sed
441 730 501 792 hoc
523 729 610 792 malo
631 729 757 793 dicere:
786 730 939 793 audirem.
984 730 1089 795 Stanti
1113 730 1327 794 resistendum

11 881 14 918 3
94 843 191 918 uest,
216 842 271 896 aut
300 831 505 896 concedenda
533 852 597 895 una
627 852 699 896 cum
727 832 886 916 dignitate
912 834 1053 898 libertas.
1109 833 1154 896 At
1184 852 1251 896 non
1276 842 1356 898 ests

129 939 314 1019 integrum:
347 936 527 1000 constituta
556 935 677 1019 legatio
706 944 766 999 est.
822 936 910 1022 Qid
940 947 1049 1000 autem
1075 956 1141 1001 non
1168 938 1329 1020 integrum

130 1050 180 1104 est
201 1040 354 1124 sapienti,
376 1039 460 1123 quod
483 1040 610 1103 restitui
633 1040 764 1123 potest?
807 1038 960 1104 Cuiusvis
983 1041 1125 1104 hominis
1145 1049 1194 1104 est
1215 1059 1329 1123 errare,

131 1142 250 1206 nullius
277 1144 342 1207 nisi
369 1144 559 1228 insipientis
586 1144 623 1205 in
648 1162 753 1206 errore
777 1163 996 1228 perseverare:
1026 1129 1218 1228 posteriores
1240 1143 1330 1206 enim

130 1247 357 1330 cogitationes,
386 1255 423 1309 ut
452 1246 557 1330 aiunt,
586 1247 800 1328 sapientiores
829 1247 935 1310 solent
965 1267 1044 1310 esse.
1097 1248 1252 1312 Discussa
1280 1257 1330 1310 est

133 1350 189 1412 illa
209 1349 323 1433 caligo,
340 1368 435 1432 quam
456 1349 551 1434 paulo
572 1357 648 1412 ante
667 1347 754 1438 dixi:
777 1349 906 1434 diluxit,
926 1359 1026 1434 patet,
1042 1351 1188 1414 videmus
1207 1351 1331 1433 omnia,
1346 1367 1377 1402 10

132 1472 234 1535 neque
264 1471 319 1536 per
350 1471 408 1515 nos
436 1453 551 1535 solum,
581 1453 637 1515 sed
667 1452 877 1516 admonemur
902 1472 922 1515 a
952 1455 1081 1517 nostris.
1132 1452 1330 1516 Attendistis

131 1555 227 1641 paulo
255 1565 333 1619 ante
361 1557 630 1640 praestantissimi
661 1556 724 1618 viri
754 1574 834 1637 quae
869 1565 953 1619 esset
981 1557 1096 1620 oratio.
1154 1555 1330 1640 Maestam,

133 1661 250 1743 inquit,
276 1658 407 1722 domum
432 1658 566 1743 offendi,
593 1660 775 1743 coniugem,
801 1659 928 1722 liberos.
977 1659 1228 1723 Admirabantur
1253 1661 1334 1724 boni

133 1763 208 1845 viri,
233 1763 426 1826 accusabant
451 1764 563 1846 arnici,
585 1763 668 1846 quod
694 1782 749 1846 spe
774 1764 862 1846 pacis
889 1762 1085 1846 legationem
1110 1766 1332 1848 suscepissem.

134 1865 209 1929 Nec
234 1867 363 1950 mirum,
385 1864 420 1930 P.
440 1866 566 1930 Servili.
612 1866 696 1930 Tuis
721 1867 810 1930 enim
834 1868 1048 1931 severissimis
1070 1869 1332 1950 gravissimisque
1347 1883 1375 1933 15

7 2035 9 2044 ,
134 1969 308 2033 sententiis
332 1971 422 2032 omni
450 1978 500 2033 est
530 1989 595 2033 non
621 1969 695 2033 dico
720 1969 891 2053 dignitate,
917 1970 973 2034 sed
1003 1971 1104 2034 etiam
1134 1991 1189 2056 spe
1218 1971 1333 2036 salutis

7 2055 13 2072 ’
83 2073 289 2157 ·⁰spoliatus
316 2073 489 2138 Antonius.
548 2073 600 2138 Ad
630 2093 704 2138 eum
734 2076 781 2137 ire
807 2083 841 2137 te
867 2073 1020 2157 legatum,
1044 2074 1117 2155 quis
1143 2093 1209 2137 non
1236 2076 1333 2138 mira-

7 2167 10 2176 ’
136 2177 246 2240 retur?
298 2174 351 2239 De
381 2195 433 2240 me
462 2179 628 2261 experior:
666 2179 757 2241 cuius
786 2177 874 2240 idem
904 2177 1087 2260 consilium,
1116 2177 1200 2260 quod
1228 2186 1334 2261 tuum,

134 2281 242 2343 sentio
270 2299 366 2362 quam
392 2281 646 2365 reprehendatur.
692 2281 766 2344 Nos
792 2281 1052 2366 reprehendimur
1077 2279 1168 2345 soli?
1214 2279 1334 2370 Qid?

134 2384 185 2446 vir
203 2383 396 2448 fortissimus
417 2383 520 2448 Pansa
540 2387 612 2448 sine
631 2405 725 2449 causa
744 2385 838 2469 paulo
859 2393 935 2448 ante
955 2392 1025 2447 tam
1044 2393 1190 2448 accurate
1209 2383 1379 2448 locutusne

135 2495 186 2550 est
223 2496 292 2551 tam
321 2487 404 2552 diu?
457 2488 545 2575 Qid
582 2492 648 2572 egit
679 2489 743 2552 nisi
781 2489 830 2552 uti
864 2487 976 2550 falsam
1013 2486 1207 2570 proditionis
1243 2506 1262 2550 a
1299 2507 1334 2550 se

136 2591 354 2674 suspicionem
383 2590 583 2677 depelleret?
637 2591 735 2658 Unde
765 2599 874 2654 autern
901 2590 964 2653 ista
989 2591 1129 2674 suspicio
1155 2591 1231 2654 est?
1285 2589 1333 2654 Ex

136 2695 224 2778 pacis
250 2696 429 2779 patrocinio
454 2697 637 2780 repentino,
662 2696 746 2779 quod
772 2695 880 2758 subito
906 2695 1058 2779 suscepit,
1085 2694 1198 2757 eodem
1224 2703 1333 2779 captus

136 2817 240 2860 errore
261 2817 325 2880 quo
350 2818 419 2862 nos.

6 2907 10 2994 ss
95 2901 123 3035 ἕξ
180 2899 275 2987 Qod
298 2901 325 2964 si
347 2911 397 2966 est
418 2911 569 2985 erratum,
589 2910 694 2986 patres
715 2902 903 2986 conscripti,
922 2919 977 2985 spe
998 2899 1078 2962 falsa
1097 2909 1192 2984 atque
1212 2901 1334 2986 fallaci,
1359 2931 1389 2982 ²5

173 3120 194 3155 1.
212 3111 354 3158 emittatis
373 3143 379 3158 .
392 3145 398 3158 .
411 3144 417 3156 .
435 3111 565 3171 perdidit.
591 3115 661 3170 ‘you
684 3107 712 3167 ty
761 3109 815 3157 Eur.
827 3109 896 3171 liipp.
908 3106 965 3171 4³⁶·
977 3109 1022 3156 and
1034 3108 1107 3156 Crete.
1119 3110 1146 3158 fr.
1159 3121 1208 3171 410

16 3187 34 3220 o
136 3189 152 3221 o
174 3173 282 3221 mitialem
300 3174 381 3236 policy,
402 3189 457 3236 may
473 3175 521 3222 lose
539 3189 598 3236 your
612 3173 711 3228 honour,
794 3173 1284 3235 dteinepelrrurpponldrreeodrrper.

136 3239 188 3286 that
200 3253 312 3302 youmay
324 3248 408 3288 restore
420 3239 552 3296 hir,rrhich
567 3238 597 3286 he
611 3237 712 3287 barwil-
798 3240 986 3287 inlinitum
1008 3242 1272 3302 ...suscepissem
1314 3243 1335 3288 Α

128 3304 195 3366 sully
207 3313 255 3352 ern
265 3305 346 3366 away!
761 3306 882 3368 quotation
901 3305 961 3352 from
979 3304 1021 3352 the
1038 3303 1121 3364 speech
1141 3306 1170 3352 of
1183 3305 1208 3354 P.
1224 3307 1337 3364 Servilius.

170 3385 194 3432 4.
213 3371 424 3432 Qrarnquern-.
473 3369 555 3419 Cicero
586 3384 658 3416 seemr
685 3377 711 3417 to
761 3369 838 3418 which
860 3385 933 3418 reenu
956 3379 981 3417 to
1005 3371 1034 3416 be
1055 3370 1153 3418 referred
1173 3380 1199 3419 to
1216 3372 1298 3428 abore.
1316 3387 1336 3422 c.

137 3436 209 3497 imply
221 3433 272 3482 that
284 3451 342 3482 even
352 3436 374 3483 il
381 3440 477 3498 Antony
488 3451 548 3484 were
563 3443 676 3496 prostrate
687 3445 712 3482 at
764 3448 785 3493 r,
799 3448 820 3484 2.

137 3501 197 3548 their
210 3501 579 3566 ieet‚itmightbesaiernotto
592 3503 712 3548 listentoo
797 3502 880 3562 15.P.
900 3501 1009 3550 Servili.
1043 3501 1249 3566 Seeon7.9,27.

138 3567 230 3632 eogerly
244 3575 270 3613 to
285 3565 342 3622 him,
356 3568 397 3614 but
414 3567 444 3614 he
460 3566 544 3628 prefers
561 3575 587 3614 to
600 3567 712 3614 advocate
797 3567 992 3615 Severirrimir.
1039 3567 1069 3614 so
1103 3567 1181 3622 Heln.
1214 3569 1275 3616 from
1308 3585 1337 3616 an

137 3631 178 3680 the
189 3645 254 3678 more
265 3647 376 3695 genereus
386 3635 464 3694 policy
475 3634 498 3680 in
509 3648 536 3680 ro
547 3632 688 3694 improbable
699 3646 713 3677 a
763 3632 827 3681 older
836 3632 975 3691 conjecture,
992 3632 1118 3680 continued
1135 3633 1167 3694 by
1179 3644 1202 3691 5.
1217 3646 1238 3688 r,
1251 3647 1280 3694 33
1300 3647 1337 3683 ιι.

138 3697 301 3762 contingency.
437 3765 442 3776 Ι
763 3695 787 3754 6,
801 3707 845 3808 ιὲι
863 3698 905 3774 sor·
911 3697 951 3744 the
964 3689 1014 3774 lvlS.
1026 3698 1120 3761 reading
1131 3699 1283 3776 ‘verissimis'

138 3774 196 3876 shall
208 3765 356 3884 bpmffie
365 3763 713 3893 lllnldntllllllhgerblrl'enl
764 3774 836 3874 ιιιιιιεῐιΙ
844 3763 1065 3876 Ιῖῑτὲῗὴέιΐὲᾚτ
1072 3759 1338 3880 &acgoulllemdl'uilrnllig

139 3894 182 3955 Cp.
196 3902 218 3955 7.
230 3907 253 3958 9,
266 3891 305 3942 26.
763 3893 811 3940 lilre
821 3907 879 3955 your
890 3893 958 3941 own!

174 3967 196 4020 7.
216 3959 343 4008 Cuiurrir
362 3959 492 4014 hominis.
504 3959 548 4008 dre.
582 3961 625 4021 Cp.
637 3959 666 4007 de
677 3959 714 4005 ln·
797 3973 832 4006 ce.
845 3969 868 4018 3,
880 3977 903 4018 4
918 3958 941 4005 A
955 3957 1147 4018 ucoodemboery
1158 3958 1228 4006 could
1240 3969 1340 4022 norpos·

139 4032 202 4072 rent.
218 4036 240 4074 a.
253 4035 303 4087 3,9
321 4024 392 4072 'Non
407 4039 487 4085 perum
504 4039 623 4088 cognosse,
638 4026 677 4072 red
691 4025 715 4072 iu
765 4023 821 4082 ribly
832 4023 863 4070 do
871 4022 943 4087 good,
955 4025 1004 4070 and
1020 4023 1095 4088 might
1110 4024 1141 4071 do
1156 4024 1242 4072 ondins
1252 4026 1338 4074 bormi

139 4103 221 4151 parurn
243 4090 338 4154 cognito
360 4089 429 4137 stulte
455 4099 480 4138 et
501 4091 541 4137 diu
563 4103 715 4151 perierem
765 4087 884 4154 off'rrrdiug
906 4089 956 4135 arrd
976 4088 1142 4152 diuomgr'ng
1164 4090 1199 4137 oli
1220 4091 1256 4138 ebe
1277 4091 1340 4150 10on

140 4165 206 4215 turpe
217 4163 267 4211 ertr
283 4163 403 4216 propterea
415 4157 476 4216 quod
491 4155 586 4202 altenun
598 4151 715 4203 communi
765 4155 862 4210 mtrem,
876 4153 927 4201 both
944 4155 975 4215 os
983 4154 1058 4202 Rome
1075 4155 1124 4201 aad
1140 4155 1171 4215 os
1183 4155 1219 4204 rte
1236 4156 1340 4221 borougb

140 4220 262 4268 bominum
275 4219 409 4275 infirmitati.
421 4221 518 4268 alterum
532 4221 639 4285 singulari
650 4221 715 4268 unius
764 4229 843 4274 towns.
852 4219 902 4266 aad
911 4219 1101 4281 especiallytbele
1122 4220 1127 4232 '
1175 4221 1342 4286 mmguged

140 4287 249 4346 cuiusque
261 4285 318 4332 vitio
329 4293 363 4332 est
374 4285 526 4334 attributum!
764 4285 1083 4349 agamrnmmmdue·
1128 4284 1339 4348 moseum.

174 4365 198 4414 9.
218 4352 253 4400 Ut
274 4353 358 4400 aiunt.
392 4350 444 4399 The
460 4353 557 4413 proverb
572 4352 675 4400 iriound
691 4351 715 4398 in
764 4352 816 4400 rubo
834 4351 884 4400 bod
893 4351 996 4413 soreibly
1011 4349 1124 4399 udum
1138 4350 1185 4398 him
1204 4366 1230 4398 os
1249 4367 1265 4398 o
1280 4351 1341 4402 rebel
