2970 4700
284 911 351 1006 M.
393 910 655 1006 TULLII
713 909 1145 1006 CICERONIS

331 1168 655 1236 ORATIONUM
687 1169 1101 1238 PHILIPPICARUM

396 1415 536 1477 LIBER
566 1414 790 1491 QUARTUS
822 1413 1041 1478 DECIMUS.

82 1632 109 1699 1
165 1627 213 1712 SI,
235 1636 271 1691 ut
295 1646 334 1690 ex
360 1627 493 1712 litteris,
514 1647 595 1711 quae
621 1629 776 1693 recitatae
801 1637 889 1714 sunt,
911 1639 1017 1714 patres
1044 1631 1232 1714 conscripti,
1253 1648 1323 1694 sce-

89 1732 387 1795 lleratissimorum
424 1733 566 1796 hostium
602 1734 780 1796 exercitum
813 1752 940 1797 mesum
969 1733 1137 1816 fusumque
1173 1734 1324 1817 cognovi,

122 1837 171 1899 sic
194 1833 239 1918 id,
261 1833 345 1916 quod
367 1844 401 1899 et
423 1853 537 1900 omnes
560 1837 700 1899 maxime
721 1845 869 1920 optamus
895 1845 929 1900 et
952 1855 991 1898 ex
1013 1855 1052 1899 ea
1073 1837 1223 1920 victoria,
1244 1853 1325 1919 quae

122 1947 213 2022 parta
247 1947 309 2022 est,
339 1947 545 2002 consecutum
577 1941 777 2024 arbitramur,
812 1937 855 2002 D.
893 1938 1025 2003 Brutum
1061 1958 1221 2023 egressum
1258 1940 1325 2001 iam

122 2040 255 2105 Mutina
287 2060 357 2104 esse
393 2043 636 2125 cognovissem:
673 2052 802 2128 propter
834 2043 923 2107 cuius
961 2042 1137 2127 periculum
1173 2043 1213 2106 ad
1250 2053 1353 2126 sagas

124 2146 270 2227 issemus,
296 2153 424 2228 propter
449 2145 593 2208 eiusdem
616 2145 752 2210 salutem
776 2145 970 2209 redeundum
993 2145 1033 2208 ad
1057 2147 1230 2230 pristinum
1254 2163 1326 2207 ves-

123 2249 223 2311 titum
247 2247 321 2311 sine
345 2248 411 2311 ulla
436 2248 638 2312 dubitatione
663 2267 838 2314 censerem.
888 2249 1078 2338 lin-tenero
1101 2269 1197 2334 qnam
1220 2250 1264 2312 sit
1287 2267 1326 2312 ea

124 2371 187 2435 res,
208 2369 303 2434 quam
325 2353 512 2416 avidissime
535 2353 652 2417 civitas
680 2361 856 2438 exspectat,
878 2352 986 2437 allata,
1011 2337 1138 2416 laetitia
1160 2352 1223 2415 frui
1247 2353 1327 2417 satis

124 2464 174 2518 est
205 2456 363 2518 maximae
392 2455 724 2540 praeclarissimaeque
754 2475 898 2540 pugnae,
934 2455 1076 2519 reditum
1101 2455 1141 2518 ad
1171 2456 1327 2520 vestitum

125 2557 292 2624 confectae
317 2559 386 2623 vict
424 2561 474 2622 iae
503 2568 673 2623 reservate.
717 2558 895 2623 Confectio
920 2568 1028 2623 autem
1055 2560 1147 2622 huius
1174 2559 1250 2622 belli
1277 2568 1327 2624 est
1342 2575 1374 2612 ¹0

93 2660 169 2727 sD.
185 2661 275 2726 Bruti
298 2661 399 2726 salus..
436 2662 528 2750 Qae
547 2672 658 2726 autem
677 2671 726 2726 est
747 2664 810 2726 ista
827 2664 1001 2747 sententia,
1023 2672 1059 2726 ut
1079 2663 1115 2724 in
1138 2662 1328 2727 hodiernum

125 2765 215 2828 diem
243 2767 381 2829 vestitus
409 2774 562 2850 mutetur,
591 2766 709 2830 deinde
741 2785 810 2830 cras
844 2767 945 2850 sagati
981 2764 1195 2850 prodeamus?
1254 2765 1329 2829 Nos

125 2889 203 2934 vero
228 2890 301 2934 cum
327 2869 493 2963 semelpad
520 2889 605 2954 eum,
630 2889 726 2953 quem
756 2870 902 2953 cupimus
928 2879 1147 2954 optamusque,
1173 2870 1328 2933 vestitum

125 2973 328 3057 redierimus,
349 2972 382 3035 id
403 2956 534 3056 agamus
555 2982 591 3036 ut
615 2992 689 3036 enm
717 2974 753 3035 in
776 2982 964 3057 perpetuum
988 2974 1193 3037 retineamus.
1238 2971 1330 3036 Nam

126 3079 187 3140 hoc
214 3076 346 3158 quidem
375 3093 448 3139 cum
477 3084 569 3160 turpe
598 3085 661 3160 est,
685 3085 755 3140 tum
785 3095 826 3139 ne
855 3076 906 3140 dis
934 3076 1065 3158 quidem
1095 3074 1329 3138 immortalibus
1344 3093 1371 3145 ιε

127 3189 265 3264 gratum,
279 3181 319 3242 ab
334 3197 444 3242 eorum
457 3181 534 3263 aris,
550 3178 589 3241 ad
609 3197 686 3261 quas
706 3179 809 3262 togati
824 3177 1008 3263 adierimus,
1024 3179 1063 3242 ad
1084 3197 1159 3262 saga
1175 3179 1330 3242 sumenda

96 3282 300 3347 adiscedere.
344 3282 452 3364 Atque
477 3281 711 3366 animadverto,
737 3291 843 3365 patres
867 3282 1055 3367 conscripti,
1078 3281 1231 3365 quosdam
1254 3281 1331 3346 huic

127 3387 235 3450 favere
264 3386 470 3450 sententiae:
506 3402 640 3467 quorum
669 3404 708 3461 ea
737 3404 829 3448 mens
859 3385 953 3470 idque
983 3385 1156 3450 consilium
1191 3394 1253 3470 est,
1282 3393 1330 3470 ut,

162 3608 195 3641 oc.
209 3605 230 3650 1,
244 3605 266 3641 a.
284 3592 364 3640 Cicero
382 3605 460 3640 warne
477 3589 513 3638 ne
529 3599 605 3639 mole
620 3591 706 3639 noir
787 3590 812 3640 8.
830 3593 952 3642 Laetitia
977 3594 1040 3642 frui.
1077 3593 1107 3640 So
1124 3592 1194 3640 Halm
1214 3592 1273 3640 from
1291 3591 1332 3638 the

128 3673 177 3707 was
184 3667 349 3720 prmonreeo
367 3671 455 3704 nomem
470 3655 506 3704 the
520 3655 582 3718 gard
597 3657 628 3718 os
635 3663 706 3717 peace
756 3657 821 3705 MSS.
855 3657 909 3704 The
920 3658 959 3705 old
971 3659 1065 3722 reading
1075 3673 1123 3706 was
1139 3657 1253 3705 ‘laetitiae
1263 3657 1332 3712 usus:

129 3725 205 3785 before
214 3724 246 3772 D.
259 3725 346 3770 Brutus
362 3721 446 3770 should
461 3721 487 3770 be
503 3721 628 3769 extricano
635 3722 705 3781 from
754 3722 831 3770 which
843 3723 907 3787 gives
917 3723 995 3771 rather
1005 3737 1035 3770 an
1046 3723 1163 3771 awkvverd
1174 3723 1258 3771 double
1269 3723 1334 3788 geni·

129 3789 232 3845 Munna,
246 3787 299 3837 boen
314 3788 407 3836 temno
424 3787 459 3835 the
475 3801 527 3834 war
539 3786 609 3834 could
625 3796 665 3835 not
679 3786 706 3834 be
755 3787 811 3837 live.

126 3864 166 3914 yet
186 3854 319 3902 considered
332 3853 444 3915 ΛΜ,
467 3852 517 3899 ond
537 3852 630 3900 heom
656 3851 706 3912 they
790 3864 828 3914 15.
845 3852 911 3901 Cum
935 3862 1014 3914 torpe
1040 3862 1088 3910 est,
1105 3853 1166 3902 &at
1193 3851 1235 3901 the
1252 3851 1333 3901 rhome

129 3919 210 3968 wald
224 3919 250 3966 he
260 3918 354 3983 soe'lr'ng
369 3918 394 3964 r'ee
410 3918 455 3964 due
470 3924 555 3979 respeee
569 3925 593 3964 to
609 3919 706 3965 Brutus
755 3917 784 3964 ol'
802 3918 842 3965 the
864 3919 942 3965 aetion
964 3917 1090 3982 consisting
1112 3919 1136 3966 in
1159 3917 1198 3966 the
1220 3918 1333 3980 mockery

130 3985 154 4032 n
174 3999 224 4033 eoos
238 3985 284 4046 sor
305 3983 340 4031 hie
362 3982 502 4031 &intrante
520 3982 570 4031 thot
588 3981 638 4042 they
658 3982 708 4031 hod
755 3982 833 4031 which
844 3983 863 4030 ir
874 3983 989 4039 involved,
1001 3983 1059 4032 both
1076 3985 1106 4030 oi
1118 3983 1178 4032 their
1190 3999 1275 4032 sorrow
1286 3983 1332 4030 and

130 4049 248 4098 mmm
256 4049 312 4097 euch
324 4047 420 4112 gallon!
435 4047 546 4096 sentim
557 4063 588 4096 on
602 4048 638 4097 ne
651 4055 708 4110 port
756 4048 785 4095 of
793 4049 853 4096 their
864 4049 968 4112 religion.
979 4049 1033 4098 that
1040 4048 1096 4111 they
1104 4049 1185 4098 should
1196 4057 1238 4110 put
1249 4061 1281 4094 ou
1292 4047 1334 4094 the

130 4115 203 4178 ojthe
218 4129 307 4175 sauoye,
325 4114 361 4162 ne
378 4111 482 4169 Oeneum
495 4113 641 4170 Octavianus,
658 4112 708 4160 ond
758 4123 821 4177 toga,
832 4128 858 4161 so
872 4129 897 4161 ae
910 4122 936 4160 to
952 4113 1019 4162 mark
1036 4115 1146 4178 rejoicing
1162 4114 1208 4161 and
1222 4111 1334 4172 triumph,

130 4179 167 4228 the
188 4180 282 4228 Roman
300 4178 397 4242 paple.-
422 4178 472 4226 συιδ
492 4177 600 4239 &mesore
620 4178 640 4225 it
659 4193 709 4226 evae
757 4179 827 4227 while
839 4179 895 4242 they
905 4179 975 4227 knew
989 4179 1041 4228 that
1052 4179 1112 4228 their
1128 4179 1223 4240 anxiety
1234 4191 1280 4225 was
1292 4185 1334 4225 not

130 4245 197 4310 right
206 4254 229 4293 to
240 4245 296 4294 romi
303 4246 348 4307 Jhr
358 4245 395 4293 the
407 4243 465 4294 heae
476 4258 505 4292 on
516 4243 588 4292 which
600 4257 625 4292 eo
641 4243 709 4292 much
758 4253 799 4308 yet
817 4259 881 4302 over,
899 4246 944 4293 aad
963 4245 1015 4294 ther
1035 4244 1076 4294 the
1093 4245 1150 4310 gode
1170 4244 1216 4292 had
1236 4242 1334 4310 granted

130 4309 242 4388 hqdbeen
255 4309 334 4360 etoled
345 4309 421 4374 before
433 4309 589 4373 commentitus
601 4308 659 4360 their
673 4323 708 4360 re·
758 4310 814 4374 only
825 4309 876 4360 heli
884 4310 945 4360 their
955 4325 1054 4375 prayers.

5 4391 8 4414 l
124 4389 234 4442 Jmmgfl,
