3008 4698
140 239 202 326 238
477 242 527 306 M.
557 240 717 304 TULLII
746 241 996 306 CICERONIS
1258 253 1342 308 nun

138 399 247 468 firmae
269 401 382 486 copiae
403 413 607 488 comparatae
627 412 722 470 sunt:
749 402 969 487 adiungendus
993 411 1043 468 est
1065 399 1340 488 QHortensius,

137 507 193 588 qui
223 524 296 570 cum
326 505 556 572 Macedoniam
584 508 758 590 obtineret,
788 506 969 572 adiutorem
994 525 1029 570 se
1059 505 1158 571 Bruto
1186 503 1225 570 ad
1251 521 1342 570 oom-

138 607 315 696 parandum
352 611 528 674 exercitum
557 608 749 676 fidissimum
785 619 818 674 et
848 610 1147 674 constantissimum
1181 607 1340 691 praebuit.

139 711 229 778 Nam
249 712 289 777 de
303 711 353 780 M.
372 713 513 797 Apuleio
529 714 703 796 separatim
722 731 840 776 censeo
859 711 1079 777 referendum:
1102 713 1151 777 cui
1174 712 1268 780 testis
1287 721 1340 776 est

110 831 124 882 s
138 835 194 900 per
209 816 333 880 litteras
348 815 399 882 M.
414 816 540 900 Brutus,
555 835 629 880 eum
647 818 826 900 principem
841 815 939 880 fuisse
959 815 1000 882 ad
1015 824 1168 882 conatum
1182 816 1340 880 exercitus

138 917 355 1003 comparandi.
408 919 500 1007 Quae
524 937 598 986 cum
625 921 672 982 ita
695 921 775 1003 sint,
801 919 885 1002 quod
911 918 952 986 C.
978 919 1083 988 Pansa
1108 918 1219 986 consul
1243 916 1392 984 verbane

138 1021 219 1088 fecit
241 1021 282 1085 de
306 1022 435 1105 litteris,
460 1041 541 1107 quae
564 1021 838 1109 aQCaepione
862 1022 960 1090 Bruto
986 1044 1043 1108 pro
1068 1023 1197 1090 consule
1221 1022 1340 1088 allatae

139 1133 172 1193 et
203 1127 239 1190 in
267 1124 329 1192 hoc
357 1124 470 1192 ordine
499 1127 654 1192 recitatae
682 1135 770 1212 sunt,
800 1126 840 1191 de
871 1147 909 1191 ea
938 1147 972 1190 re
1004 1129 1051 1194 ita
1080 1131 1219 1194 cenaeos¹
1252 1125 1338 1194 Cum

139 1227 379 1315 QCaepionis
401 1227 490 1294 Bruti
512 1247 569 1313 pro
587 1230 716 1294 consule
738 1249 846 1315 opera,
865 1231 1013 1316 consilio,
1034 1231 1201 1314 industria,
1219 1230 1339 1294 vinute

95 1349 126 1386 ¹⁰
138 1331 332 1400 difficillimo
346 1333 392 1397 rei
413 1332 558 1417 publicae
572 1341 717 1417 tempore
735 1335 904 1417 provincia
916 1334 1113 1401 Macedonia
1127 1343 1161 1400 et
1176 1332 1339 1420 Illyricum

138 1445 173 1502 et
195 1445 311 1502 cunda
336 1434 475 1500 (haecia
497 1446 531 1501 et
553 1435 708 1520 legiones,
730 1439 899 1523 exercitus,
921 1441 1081 1521 equitatus
1103 1440 1139 1502 in
1161 1437 1339 1518 consulum,

137 1548 268 1608 senatus
294 1539 464 1625 populique
490 1537 634 1604 Romani
658 1549 817 1624 potestate
835 1542 916 1625 sint,
938 1542 972 1604 id
994 1540 1261 1628 QCaepionem
1283 1560 1340 1624 pro

138 1642 271 1708 consule
287 1642 370 1706 bene
384 1651 418 1705 et
433 1661 452 1704 e
466 1661 500 1707 re
514 1641 643 1727 publica
656 1662 713 1730 pro
727 1663 786 1710 sua
800 1647 1017 1729 maiorumque
1037 1663 1165 1710 suorum
1179 1644 1340 1727 dignitate

138 1744 431 1828 consuetudineque
460 1747 508 1809 rei
538 1747 684 1830 publicae
713 1749 796 1812 bene
826 1749 982 1834 gerendae
1011 1751 1137 1834 fecisse,
1168 1767 1241 1814 eam
1269 1767 1339 1813 rem

93 1861 124 1912 ιε
138 1849 265 1914 senatui
281 1848 460 1934 populoque
475 1847 626 1916 Romano
643 1861 766 1934 gratam
782 1871 851 1918 esse
865 1863 899 1918 et
914 1853 1001 1918 fore:
1023 1855 1134 1937 utique
1147 1852 1339 1940 QCaepio
1352 1865 1393 1913 ae

139 1951 253 2018 Bmtus
275 1952 483 2037 proconsule
504 1955 705 2036 provinciam
725 1955 965 2041 Macedoniam,
987 1955 1151 2042 Illyricum
1173 1966 1339 2023 cunctam

138 2074 199 2139 que
229 2054 403 2122 Graeciam
431 2063 569 2140 tueatur,
598 2055 760 2144 defendat,
786 2059 946 2124 custodiat
976 2060 1233 2146 incolumemque
1262 2079 1340 2124 con·

57 2151 66 2158 ”
138 2167 257 2244 servet,
277 2161 370 2242 eique
391 2161 558 2244 exercitui,
576 2178 672 2243 quem
693 2163 761 2246 ipse
781 2165 952 2228 coustituit
974 2167 1186 2248 comparavit,
1207 2165 1339 2248 praesit,

138 2263 371 2348 pecuniamque
392 2261 433 2331 ad
453 2281 522 2328 rem
543 2263 730 2348 militarem,
748 2266 777 2329 si
797 2284 860 2348 qua
878 2285 957 2350 opus
977 2269 1033 2353 sit,
1047 2285 1129 2352 quae
1150 2267 1278 2352 publica
1295 2268 1340 2332 sit

94 2382 126 2418 ²⁰
140 2376 174 2432 et
198 2368 283 2450 exigi
309 2368 421 2450 possit,
444 2375 553 2432 utatur
577 2368 695 2453 exigat,
716 2371 929 2453 pecuniasque
952 2373 1105 2455 aquibus
1128 2370 1275 2436 videatur
1297 2371 1339 2434 ad

138 2490 205 2536 rem
228 2468 404 2536 militarem
430 2479 557 2536 mutuas
582 2480 688 2536 sumat
711 2471 969 2558 frumentumque
992 2477 1128 2560 imperet
1150 2493 1340 2560 operamque

138 2573 194 2638 det
219 2584 256 2640 ut
281 2591 355 2638 cum
379 2574 445 2638 suis
470 2574 573 2657 copiis
599 2593 695 2659 quam
721 2578 865 2660 proxime
891 2576 1022 2642 ltaliam
1047 2581 1110 2642 sit:
1140 2596 1275 2661 cumque
1298 2596 1338 2640 ex

138 2677 257 2742 litteris
279 2674 523 2763 QCaepionis
545 2676 634 2744 Bruti
654 2697 711 2764 pro
733 2681 863 2745 consule
885 2681 1086 2746 intellectum
1105 2683 1161 2767 sit,
1182 2682 1237 2770 Q
1251 2679 1340 2746 Hor·

138 2781 237 2846 tensii
265 2799 323 2864 pro
352 2779 482 2844 consule
507 2799 604 2865 opera
629 2791 663 2846 et
692 2784 812 2846 virtute
843 2785 1048 2849 vehementer
1077 2805 1145 2849 rem
1175 2785 1339 2870 publicam

94 2902 124 2953 ²5
138 2884 282 2948 adiutam
296 2883 470 2967 omniaque
489 2886 559 2948 eius
578 2885 716 2949 consilia
735 2907 809 2952 cum
828 2889 977 2952 consiliis
991 2887 1233 2980 QCaepionis
1248 2888 1338 2952 Bruti

138 3005 196 3072 pro
210 2985 340 3053 consule
354 2989 528 3052 coniuncta
542 2987 654 3074 fuisse,
669 3009 803 3073 eamque
818 3011 886 3055 rem
902 3011 1020 3076 magno
1040 2995 1112 3058 usui
1127 2996 1173 3056 rei
1192 2993 1338 3078 publicae

171 3269 196 3313 4.
214 3255 251 3303 Μ.
279 3255 406 3317 Apuleio.
448 3255 517 3303 From
539 3257 638 3318 Appisn,
658 3257 714 3306 Bell.
764 3259 894 3309 ‘CAEPIO
922 3261 1049 3310 BRUTUS
1077 3261 1212 3312 Pnooos·
1240 3277 1271 3310 on
1298 3261 1339 3312 the

139 3319 190 3367 civ.
205 3333 230 3380 4.
246 3327 285 3381 75.
297 3333 334 3366 we
351 3320 414 3366 learn
425 3319 477 3367 that
492 3335 523 3367 on
537 3321 578 3368 the
590 3323 671 3370 arrival
689 3324 717 3370 oi
763 3340 859 3374 reverse.

139 3384 222 3432 Bmtns
240 3385 263 3430 in
283 3383 422 3432 Macedonia
441 3385 477 3432 Μ.
495 3386 604 3446 Apuleius
622 3387 714 3435 hsnded
799 3403 837 3453 14.
856 3393 1124 3458 consuetudineque.
1159 3393 1237 3454 ‘Qre'
1253 3393 1272 3440 is
1283 3407 1339 3456 very

138 3461 195 3496 oser
212 3457 237 3496 to
254 3448 302 3496 him
320 3449 349 3496 all
366 3449 407 3496 the
424 3464 509 3512 money
525 3449 603 3498 which
620 3452 650 3499 he
660 3452 712 3501 held
763 3456 851 3504 seldom
862 3457 934 3504 found
948 3458 1065 3506 inCieero
1077 3460 1194 3520 appended
1209 3468 1235 3507 to
1249 3459 1339 3508 aword

138 3529 163 3564 as
185 3521 298 3576 quaestor,
321 3515 365 3562 and
384 3515 413 3562 all
431 3515 472 3562 the
490 3525 568 3578 troops
589 3518 661 3565 unda
677 3517 713 3568 his
763 3522 849 3586 ending
865 3522 888 3570 ln
906 3523 947 3579 ¹6:
959 3523 1003 3570 and
1016 3523 1112 3586 perhaps
1126 3525 1204 3573 would
1221 3533 1262 3572 not
1279 3523 1338 3574 have

137 3581 269 3629 command.
306 3579 350 3640 Cp.
366 3580 407 3628 the
422 3581 547 3643 complaint
569 3583 598 3629 oi
609 3583 713 3646 Antony‚
763 3588 821 3634 been
841 3602 867 3634 so
883 3589 939 3636 used
959 3591 990 3652 by
1006 3589 1054 3638 him
1073 3599 1153 3650 exoept
1170 3591 1194 3638 io
1212 3606 1225 3638 a
1243 3605 1338 3656 passage

140 3642 424 3709 13.16,3a‘hpuleiana
441 3647 536 3707 pecunia
552 3647 648 3696 Bmtom
661 3649 714 3698 sub·
762 3651 810 3700 like
826 3652 866 3700 the
882 3663 979 3716 present.
994 3655 1070 3704 where
1086 3656 1145 3720 legal
1159 3656 1339 3722 phraseologyis

137 3711 251 3759 omanis!
763 3717 792 3764 of
799 3731 863 3765 more
874 3719 1020 3783 importaan
1028 3719 1082 3768 than
1095 3721 1208 3782 euphonic
1219 3721 1286 3770 rulea

172 3785 194 3840 7.
213 3775 363 3838 Caepione.
404 3775 439 3825 M.
452 3779 712 3828 Brutnswassoeslled
798 3785 959 3834 al.Mutuas
979 3795 1074 3838 sumat.
1107 3787 1339 3852 Ciceromoregene·

137 3841 161 3889 ln
172 3853 328 3902 consequence
338 3842 367 3890 oi
375 3839 410 3890 his
425 3845 537 3906 adoption
550 3846 581 3908 by
593 3844 627 3894 his
638 3847 712 3904 uncle,
762 3848 819 3909 rally
830 3863 880 3897 uses
891 3851 1016 3898 ‘mutuari’
1032 3852 1068 3900 ior
1078 3857 1118 3898 ‘to
1131 3851 1237 3910 bonosr‚’
1247 3851 1338 3920 though

138 3907 169 3964 Q.
181 3905 285 3954 Servilius
301 3906 396 3967 Caepio.
429 3909 511 3956 Cicero
527 3925 578 3958 uses
593 3910 633 3958 the
644 3925 712 3960 name
762 3915 961 3964 ‘mutuumdare'
979 3918 998 3964 is
1014 3916 1071 3966 olor
1082 3917 1131 3966 him
1149 3917 1189 3966 the
1205 3927 1338 3981 customary

138 3971 208 4020 inhis
219 3971 302 4020 formal
314 3981 369 4020 sote
382 3974 487 4038 asheing
501 3974 537 4022 his
554 3977 642 4038 strictly
653 3978 674 4025 le
704 3978 712 4022 l
762 3981 892 4042 expression
903 3981 991 4030 for¹to
1002 3983 1070 4030 tend:
1103 3983 1148 4044 Cp.
1160 3983 1233 4032 Plaut.
1241 3984 1305 4034 aon.
1316 3996 1337 4034 1.

137 4037 284 4100 appellation.
319 4037 398 4086 llenre
415 4039 433 4086 it
450 4039 498 4086 also
520 4055 613 4102 appears
630 4057 662 4090 on
693 4043 712 4092 is
762 4057 786 4106 3,
796 4055 828 4108 95
847 4045 954 4094 ‘Namsi
971 4055 1062 4096 mutuas
1078 4063 1124 4098 non
1141 4057 1230 4110 potero,
1249 4059 1336 4098 cenum

136 4105 209 4160 coins,
231 4101 259 4150 oi
279 4101 356 4150 which
379 4116 425 4149 one
444 4105 463 4150 is
486 4106 600 4168 engraved
624 4107 647 4153 in
671 4107 711 4155 Dr.
763 4119 908 4165 est‚sumam
921 4111 1013 4162 fenore!

136 4169 231 4216 Smith's
248 4168 311 4215 Dict.
328 4168 357 4215 of
371 4165 512 4232 Biography‚
523 4170 581 4217 with
597 4170 637 4218 the
653 4171 713 4219 head
798 4187 836 4224 aa.
858 4177 946 4237 Quam
973 4180 1097 4241 proxime
1124 4179 1244 4230 ltaliam.
1293 4181 1337 4246 op.

137 4234 166 4284 oi
181 4235 262 4282 Bmtus
280 4232 325 4280 and
343 4231 542 4282 malesanus·
559 4249 591 4281 on
611 4235 651 4282 the
670 4237 713 4284 ob-
762 4241 813 4288 Ast.
825 4237 849 4288 6.
861 4251 912 4303 Μ
930 4241 1077 4292 ‘Exercitum
1089 4243 1174 4296 habere
1186 4259 1256 4306 quam
1268 4259 1338 4308 pro!-

136 4311 209 4354 serae,
237 4298 282 4345 sud
310 4313 324 4345 a
354 4297 403 4360 lyre
433 4299 478 4347 and
509 4299 550 4346 the
580 4299 712 4362 inscription
763 4305 809 4353 ime
820 4304 927 4354 hostem·
