2970 4700
152 245 216 318 322
498 227 549 288 M.
578 225 738 288 TULLII
767 222 1019 288 CICERONIS
1222 253 1274 292 ω,
1289 237 1379 290 Η,

153 357 226 452 elrlu
249 383 381 450 videant
406 383 674 468 gloriosissimum
700 381 793 446 illum
816 379 858 444 D.
883 381 979 445 Bruto
1003 380 1144 444 futurum
1171 379 1282 464 diem,
1310 396 1377 460 quo
1463 409 1464 450 1

152 489 207 554 die
236 497 364 574 propter
393 489 464 552 eius
493 488 630 552 salutem
660 485 860 569 redierimus,
890 485 973 548 hunc
1005 487 1037 546 ei
1066 483 1208 547 huctum
1240 485 1378 566 eripere
1463 481 1464 556 ]

153 593 297 678 cupiant,
319 611 361 656 ne
382 592 557 656 memoriae
579 589 826 674 posteritatique
847 587 997 672 prodatur
1014 596 1141 672 propter
1159 587 1261 650 unius
1283 585 1376 649 civis

153 696 330 782 perieulum
359 695 511 780 populum
539 693 724 773 Romanum
757 691 798 756 ad
834 711 909 776 saga
941 692 1017 775 isse,
1053 699 1182 775 propter
1214 689 1376 754 eiusdem
1463 737 1464 778 ἦ

126 800 291 877 ssalutem
320 799 439 862 redisse
472 797 513 861 ad
544 806 646 880 togas.
701 794 826 860 Tollite
857 796 957 858 hanc:
995 793 1117 856 nullam
1145 803 1215 858 tam
1248 813 1373 878 pravae
1463 809 1464 866 j

154 905 337 968 sententiae
362 921 491 966 causam
517 901 695 986 reperietis.
739 897 805 964 Vos
830 918 919 984 vero,
942 907 1047 982 patres
1070 899 1263 983 conscripti,
1287 917 1375 962 con-

153 1014 279 1070 servate
299 1006 525 1070 auctoritatem
541 1013 696 1088 vestram,
717 1011 846 1066 manete
866 1002 903 1063 in
923 1002 1097 1084 sententia,
1117 1009 1233 1066 tenete
1255 1009 1373 1064 vestra

154 1109 321 1192 memoria,
350 1107 434 1192 quod
463 1127 557 1192 saepe
589 1106 792 1192 ostendistis,
821 1105 914 1169 huius
947 1106 1049 1168 totius
1081 1104 1157 1167 belli
1192 1105 1229 1166 in
1267 1106 1372 1167 unius
1463 1133 1464 1174 r

153 1213 217 1276 viri
247 1211 415 1276 fortissimi
450 1219 484 1275 et
514 1211 647 1274 maximi
678 1211 748 1273 vita
783 1210 925 1293 positum
960 1228 1030 1272 esse
1067 1207 1256 1272 discrimen.
1313 1205 1408 1271 AdB

111 1313 198 1382 reD.
225 1313 356 1380 Brutum
383 1314 581 1382 liberandum
611 1313 707 1396 legati
735 1315 826 1376 missi
852 1313 1012 1396 principes
1039 1313 1196 1395 civitatis,
1221 1313 1283 1394 qui
1315 1311 1401 1374 illis

155 1420 238 1484 hosti
258 1440 297 1484 ac
314 1418 489 1505 parricidae
508 1418 734 1481 denuntiarent
753 1425 789 1480 ut
809 1436 829 1480 a
845 1414 977 1482 Mutina
996 1415 1191 1478 discederet:
1213 1414 1369 1478 eiusdem

155 1521 198 1588 D.
226 1520 314 1589 Bruti
343 1521 554 1588 conservandi
580 1522 682 1604 gratia
707 1519 820 1584 consul
849 1521 963 1586 sortitu
986 1517 1027 1582 ad
1053 1517 1171 1580 bellum
1197 1517 1369 1602 profectus

156 1625 196 1688 Α.
213 1625 353 1710 Hirtius,
377 1629 467 1690 cuius
491 1623 749 1716 imbecillitatem
769 1621 963 1688 valetudinis
983 1614 1089 1686 animi
1109 1624 1211 1686 virtus
1229 1631 1265 1685 et
1292 1641 1369 1706 spes
1463 1577 1464 1638 l

155 1729 310 1792 victoriae
336 1729 554 1795 confirmavit:
583 1723 714 1812 Cae'sar',
737 1745 812 1792 cum
835 1727 975 1792 exercitu
999 1745 1054 1810 per
1076 1745 1112 1790 se
1133 1734 1325 1810 comparato
1345 1734 1369 1805 †
1463 1717 1464 1788 l

111 1853 140 1906 1⁵
155 1849 228 1896 cum
258 1831 369 1914 primis
402 1833 544 1915 pestibus
574 1850 642 1894 rem
670 1829 830 1915 publicam
844 1831 846 1836 '
860 1829 1037 1912 liberasset,
1066 1848 1108 1892 ne
1136 1828 1214 1910 quid
1247 1836 1368 1912 postea

154 1931 282 1997 sceleris
311 1935 456 2018 oriretur,
485 1933 644 2018 profectus
673 1943 723 1998 est
751 1933 792 1998 ad
826 1933 963 1998 eundem
992 1931 1124 2000 Brutum
1156 1932 1222 1994 libe
1282 1932 1365 1994 dum

154 2037 297 2120 vicitque
332 2035 475 2102 dolorem
510 2037 650 2120 aliquem
678 2037 892 2104 domesticum
922 2038 1043 2121 patriae
1071 2037 1214 2100 caritate.
1222 1951 1365 2136 ffQrd
1376 2049 1394 2096 s
1463 2027 1464 2086 l

154 2139 195 2206 C.
219 2139 323 2204 Pansa
352 2143 418 2224 egit
443 2141 530 2204 aliud
559 2140 730 2205 dilectibus
759 2141 924 2226 habendis,
954 2142 1097 2228 pecuniis
1124 2131 1365 2223 comparand‘u,

154 2252 284 2309 senatus
310 2244 466 2309 consultis
492 2243 649 2308 faciendis
676 2247 876 2329 gravissimis
902 2247 937 2308 in
963 2245 1156 2328 Antonium,
1183 2244 1278 2306 nobis
1307 2262 1364 2307 co-
1463 2307 1464 2332 χ

109 2347 331 2432 eohortandis,
353 2347 467 2432 populo
489 2345 641 2412 Romano
660 2349 700 2411 ad
723 2367 851 2414 causam
873 2349 1031 2414 libertatis
1053 2347 1210 2431 vocando,
1233 2347 1301 2410 nisi
1325 2355 1363 2410 ut

154 2449 197 2514 D.
224 2449 337 2516 Brutus
366 2451 577 2516 liberaretur?
630 2451 661 2516 A
690 2470 753 2535 quo
781 2451 914 2536 populus
937 2450 1104 2517 Romanus
1130 2451 1278 2534 frequens
1311 2453 1362 2514 ita

154 2553 290 2618 salutem
319 2553 362 2617 D.
393 2553 482 2617 Bruti
519 2574 583 2618 una
618 2573 697 2618 voce
732 2555 931 2640 depoposcit,
967 2563 1003 2618 ut
1039 2573 1112 2618 eam
1148 2572 1215 2617 non
1252 2553 1359 2617 solum
1463 2555 1464 2568 ³

154 2656 333 2722 commodis
359 2659 437 2742 suis,
463 2657 519 2722 sed
549 2658 649 2722 etiam
679 2659 865 2723 necessitati
894 2660 1000 2722 victus
1029 2657 1210 2721 anteferret.
1260 2657 1358 2746 Qod

154 2779 278 2846 sperare
308 2779 367 2824 nos
395 2759 523 2844 quidem
553 2761 716 2846 debemus,
746 2769 851 2847 patres
875 2762 1062 2846 conscripti,
1088 2770 1143 2825 aut
1172 2761 1256 2823 inibi
1286 2779 1359 2826 esse

195 2973 218 3009 a.
251 2961 436 3018 Redierimus‚
469 2975 501 3010 sc.
533 2959 582 3008 ‘sd
610 2959 730 3022 pristinum
780 2958 1361 3023 asapreposition;andahisinvertedorderof
1463 2937 1464 2998 l

154 3027 290 3083 venum?
301 3041 332 3074 an
344 3027 420 3088 ellipse
429 3027 499 3090 easily
508 3026 609 3088 supplied
619 3026 678 3073 from
690 3025 731 3073 the
780 3025 821 3074 she
832 3027 907 3075 worda
924 3026 1001 3074 would
1016 3026 1059 3074 snit
1074 3025 1115 3073 the
1131 3023 1236 3073 artifieial
1252 3041 1358 3090 mange·

154 3093 277 3155 preceding
295 3093 390 3140 seefion
428 3091 481 3140 One
498 3092 549 3141 MS.
568 3092 676 3140 however
696 3091 731 3138 in·
779 3099 845 3140 ment
863 3091 891 3140 of
907 3091 948 3139 the
965 3091 1042 3140 whole
1059 3091 1088 3138 of
1102 3091 1167 3138 these
1184 3099 1233 3138 two
1256 3093 1357 3155 opening

155 3166 211 3204 serta
234 3157 277 3205 ‘ad
299 3159 434 3215 restitum3’
457 3159 502 3206 aud
524 3159 548 3205 in
570 3157 667 3206 another
685 3157 731 3204 ‘ad
780 3157 892 3220 chapters.
925 3157 978 3205 One
990 3155 1093 3204 MBhss
1110 3156 1228 3217 ‘aprimis
1238 3158 1357 3217 pesrmn:

96 3269 98 3278 ,
154 3222 272 3284 togam'is
284 3223 359 3270 added
370 3224 500 3286 asagloss.
779 3223 825 3270 and
846 3223 965 3270 Manutius
983 3222 1078 3270 defends
1097 3222 1138 3269 the
1157 3222 1251 3306 reading
1273 3223 1298 3270 in
1315 3222 1357 3270 the

188 3295 210 3344 5.
231 3286 358 3342 llanqse.
371 3287 536 3334 'sententiam’
778 3295 838 3343 text,
857 3287 966 3352 referring
988 3287 1028 3336 the
1043 3287 1145 3347 ‘primae
1164 3295 1240 3347 pestes
1266 3295 1293 3335 to
1308 3290 1356 3335 An-

189 3360 227 3396 ao.
247 3349 344 3413 Legati
364 3353 449 3400 missi.
482 3351 524 3397 See
539 3350 592 3398 fifth
609 3351 729 3401 andsixth
779 3353 948 3414 sony'sretum
963 3353 1023 3400 from
1040 3353 1251 3408 Brundisium,and
1265 3353 1357 3418 Jnining

154 3413 263 3460 orations.
779 3419 849 3466 ‘cum
871 3419 972 3466 manian
994 3433 1008 3465 a
1026 3433 1050 3466 se
1068 3413 1219 3480 eomparato'
1238 3427 1264 3466 to
1287 3426 1355 3480 ‘pro-

188 3489 226 3526 ta.
245 3478 357 3527 Sortito.
390 3477 420 3526 So
432 3475 502 3524 1=lalm
516 3476 577 3526 from
595 3488 644 3528 two
662 3481 727 3532 MSS.
779 3485 852 3532 fectus
863 3485 913 3532 est’

154 3541 207 3592 'sne
217 3544 256 3591 old
271 3543 370 3608 reading
380 3557 426 3592 was
438 3543 557 3592 'eonsules
573 3546 673 3601 sortiti3’
685 3549 728 3595 but
813 3557 851 3611 17.
873 3549 1004 3600 Dolorem
1024 3549 1145 3611 aliquem
1164 3549 1353 3604 domesticum.

154 3608 195 3656 the
207 3609 266 3656 form
284 3609 392 3657 ‘sortitu'
404 3623 483 3656 occurs
499 3609 547 3658 also
564 3611 593 3658 de
604 3611 675 3659 Dom.
690 3625 728 3676 19.
777 3613 857 3662 ‘what
866 3615 955 3662 natural
963 3613 1071 3662 affection
1079 3615 1180 3677 lingered
1189 3614 1353 3662 urhisbreua'

154 3685 187 3735 50
198 3673 316 3722 'Pluribus
327 3674 356 3720 de
368 3675 435 3724 rebus
445 3689 492 3723 uno
509 3677 591 3724 sortitu
604 3675 727 3725 rettulisti?
777 3679 859 3727 Cieero
869 3695 942 3728 seems
953 3679 1030 3728 rather
1039 3688 1065 3727 to
1075 3681 1147 3741 imply
1154 3679 1206 3727 that
1213 3679 1353 3727 Octavianus

193 3749 232 3798 13.
256 3741 514 3790 Imbecillitarem.·
536 3741 579 3804 Cp.
604 3751 626 3805 7.
648 3755 673 3804 4,
697 3755 726 3791 1a
777 3759 825 3792 was
842 3754 885 3792 too
902 3753 953 3794 true
971 3760 985 3792 a
1002 3745 1091 3805 patrios
1108 3753 1135 3792 to
1152 3745 1265 3792 mtertain
1284 3745 1352 3794 much
1463 3759 1464 3796 l

153 3803 232 3861 ‘Quid
254 3803 261 3849 l
279 3803 323 3851 'tur
340 3806 455 3866 profectus
473 3815 508 3856 est
530 3809 565 3855 vir
584 3808 728 3864 fortissimus,
777 3809 830 3858 love
841 3810 877 3858 for
888 3811 943 3860 such
955 3827 968 3859 a
979 3818 1058 3874 tyrant
1068 3825 1093 3859 as
1104 3810 1144 3858 the
1156 3811 1262 3860 dimtor.

153 3883 256 3918 menseo
273 3871 728 3933 egaetfarniliaris,A.llirtiusConaull
813 3888 851 3938 ²3.
870 3877 960 3938 Qod,
985 3891 1016 3924 se.
1039 3875 1080 3925 the
1104 3875 1247 3924 delinranee
1274 3875 1303 3923 of
1323 3875 1351 3924 D.

153 3943 234 3997 atqua
245 3935 415 3984 imbecillitatel
433 3953 478 3998 qua
496 3940 584 3988 maciei
600 3939 640 3988 sed
657 3939 728 3987 animi
779 3941 870 3989 Bmtus.
1463 3967 1464 3974 ¹

153 4001 213 4050 vires
224 3999 325 4062 eorporis
336 4000 453 4050 infirmitas
464 4015 512 4050 non
523 4005 663 4053 retardarit?
812 4021 851 4068 aa.
870 4007 955 4062 lnibl.
967 4005 991 4054 in
1001 4007 1116 4056 reference
1132 4015 1159 4056 to
1169 4006 1234 4062 time,
1245 4005 1300 4054 does
1310 4013 1351 4053 not
1463 4013 1464 4032 ¹

193 4078 231 4130 15.
256 4067 324 4118 Cum
354 4069 451 4130 primis
481 4069 613 4130 pestibus.
657 4069 728 4118 Halm
778 4073 1066 4136 occuragsinlncioero.
1100 4071 1350 4136 lisignifies.‘onthe

153 4131 233 4182 thinks
255 4133 308 4183 that
332 4133 404 4181 under
425 4131 471 4180 this
492 4133 616 4197 obviously
635 4143 729 4196 eonupt
777 4139 844 4200 point
861 4139 890 4186 of
905 4139 975 4203 being
988 4137 1114 4186 schieved!
1147 4139 1192 4198 Cp.
1210 4135 1296 4186 cnut.
1315 4151 1349 4197 sp.

153 4199 248 4264 reading
265 4199 376 4248 undelies
394 4213 458 4246 some
477 4199 534 4246 sneh
550 4201 681 4260 expression
704 4216 729 4248 as
777 4203 839 4251 Non.
853 4215 875 4250 a.
886 4212 935 4266 427
953 4203 1066 4254 ‘Liberae
1081 4201 1123 4254 et
1139 4217 1187 4252 non
1203 4215 1262 4260 sam,
1274 4217 1348 4251 veram

152 4265 304 4322 ¹-eomprenir
322 4265 438 4324 pestiBusf
472 4264 561 4324 Kayser
577 4265 642 4310 reads
659 4268 728 4311 ‘cum
778 4267 833 4316 inibi
845 4269 894 4314 est!

151 4325 268 4383 primum:
279 4329 414 4392 apparently
428 4325 512 4389 taldng
528 4326 568 4374 the
587 4325 635 4372 first
647 4326 728 4372 ‘eum'
