2998 4706
182 247 244 328 276
523 247 573 308 rr.
604 246 764 307 rurarr
791 245 1044 308 crcrraorrrs
1247 273 1295 312 ω
1308 258 1390 312 r-e.
1467 209 1468 242 ¹

180 408 277 492 igitru
303 425 322 470 a
352 415 397 490 te,
423 405 461 470 L.
483 405 571 490 Piso,
598 425 706 470 nonne
730 423 913 490 oppressam
940 425 1006 468 rem
1033 405 1195 488 publicam
1224 411 1338 487 putes,
1363 403 1388 464 si

180 519 231 574 tot
252 519 320 574 um
343 511 449 594 impii,
468 519 537 574 tam
561 509 708 593 audaces,
727 519 795 574 tam
817 509 987 572 facinerosi
1012 510 1132 592 recepti
1156 507 1255 570 sint?
1303 505 1391 594 Qus

181 613 323 678 nondrun
343 615 444 678 tantis
464 613 645 698 parricidiis
666 613 906 678 contaminatos
926 613 982 674 vix
1002 611 1193 693 ferebamus,
1217 609 1282 672 hos
1305 627 1389 670 nunc
1468 657 1469 712 p

180 719 272 782 omni
302 717 420 782 scelere
449 726 617 802 coopertos
645 715 827 780 tolerabiles
857 735 969 780 censes
998 715 1126 779 civitati
1158 713 1262 776 fore?
1325 712 1389 775 Aut

152 843 166 892 s
182 823 247 886 isto
259 832 328 904 tuo,
343 821 423 882 mihi
443 819 549 904 crede,
564 819 703 884 consilio
724 821 787 883 erit
804 819 969 903 utendum,
984 827 1020 881 ut
1039 817 1201 899 cedamus,
1217 817 1390 898 abeamm,

180 925 283 986 vitam
313 925 443 1007 inopem
472 933 506 988 et
535 941 650 1006 vagam
680 941 915 1006 persequamur,
943 931 999 985 aut
1029 922 1171 985 cervices
1202 918 1390 982 latronibus

179 1025 303 1090 dandae
330 1035 426 1110 atque
455 1027 491 1089 in
520 1027 624 1111 patria
654 1025 830 1090 cadendum
859 1035 919 1088 est.
974 1023 1044 1089 Ubi
1074 1033 1161 1106 sunt,
1189 1023 1233 1088 C.
1266 1022 1389 1104 Pansa,

180 1128 255 1192 illae
291 1129 529 1194 cohortationes
566 1129 797 1213 pulcherrimae
834 1137 922 1212 tuae,
950 1127 1064 1210 quihus
1099 1146 1120 1190 a
1148 1135 1183 1190 te
1222 1128 1391 1190 excitatus

179 1241 320 1316 senatus,
346 1231 562 1296 inflammatus
584 1231 719 1317 populus
743 1231 913 1295 Romanus
940 1251 1007 1294 non
1033 1231 1137 1294 solum
1162 1229 1309 1312 audivit,
1335 1229 1392 1292 sed
1469 1269 1470 1310 3

136 1357 168 1394 ιο
181 1337 282 1400 etiam
302 1334 418 1400 didicit
442 1334 523 1398 nihil
544 1355 613 1398 esse
637 1335 762 1398 homini
785 1333 938 1397 Romano
957 1333 1082 1396 foedius
1103 1333 1290 1396 servitute?
1339 1330 1431 1394 ld-le

180 1441 309 1504 circone
334 1457 410 1521 saga
435 1437 640 1522 sumpsimus,
663 1455 754 1500 arma
775 1437 931 1521 cepimus,
955 1437 1157 1500 iuventutem
1182 1453 1326 1498 omnem
1353 1455 1392 1496 ex

179 1551 249 1605 tota
282 1538 378 1604 Italia
414 1541 621 1624 excussimus,
651 1549 687 1604 ut
724 1541 866 1604 exercitu
903 1539 1131 1603 florentissimo
1166 1547 1200 1600 et
1239 1540 1392 1600 maximo

180 1642 278 1728 legati
298 1641 338 1706 ad
363 1662 474 1728 pacem
495 1642 725 1708 mitterentur?
747 1644 774 1706 si
795 1641 1031 1726 accipiendam,
1049 1661 1105 1705 cur
1125 1660 1189 1705 non
1211 1643 1393 1725 rogamur?
1469 1683 1471 1786 A

180 1745 209 1808 si
236 1743 473 1830 postulandam,
498 1745 574 1828 quid
596 1745 770 1810 timemus?
815 1743 853 1808 ln
879 1745 939 1806 hac
963 1763 1022 1826 ego
1048 1744 1210 1827 legatione
1237 1746 1306 1807 sim
1334 1755 1391 1806 aut

138 1867 165 1918 ιε
179 1846 221 1910 ad
250 1845 283 1908 id
313 1847 486 1912 consilium
512 1849 700 1932 admiscear,
727 1849 763 1911 in
788 1867 851 1931 quo
877 1867 919 1910 ne
945 1849 974 1911 si
1001 1847 1180 1911 dissensero
1204 1847 1344 1930 quidem
1370 1869 1389 1910 a
1471 1863 1472 1930 l

179 1951 296 2013 ceteris
325 1951 462 2014 sciturus
497 1951 629 2035 populus
657 1950 826 2015 Romanis
855 1949 927 2015 sit?
983 1949 1034 2014 Ita
1069 1950 1125 2013 liet
1160 1959 1208 2032 ut,
1238 1952 1268 2012 si
1309 1951 1389 2034 quid

180 2054 349 2116 remissum
378 2064 434 2117 aut
463 2073 650 2118 concessum
676 2055 732 2138 sit,
759 2072 833 2118 meo
858 2073 983 2138 semper
1008 2054 1149 2137 periculo
1174 2063 1287 2138 peccet
1318 2055 1390 2117 An-

179 2155 299 2238 tonius,
321 2175 394 2219 cum
417 2157 448 2218 ei
471 2157 626 2240 peccandi
649 2165 791 2240 potestas
813 2177 834 2220 a
856 2175 908 2219 me
930 2175 1083 2220 concessa
1105 2157 1262 2221 videatur.

222 2257 318 2345 Qod
342 2259 371 2320 si
396 2258 542 2322 habenda
567 2278 641 2322 cum
661 2259 710 2323 M.
727 2259 867 2322 Antonii
892 2259 1062 2322 latrocinio
1085 2261 1174 2344 pacis
1198 2262 1283 2322 ratio
1310 2261 1429 2344 suitur

135 2387 168 2422 ιο
180 2381 252 2426 mea
275 2371 388 2424 tamen
411 2379 546 2445 persona
569 2361 608 2425 ad
635 2361 732 2426 istam
756 2381 869 2446 pacem
893 2361 1130 2426 conciliandam
1157 2363 1295 2426 minime
1322 2364 1401 2426 fuit.

179 2463 360 2548 deligenda.
413 2461 481 2546 Ego
505 2482 681 2547 numquam
704 2463 827 2548 legatos
853 2465 1030 2529 sumendos
1056 2467 1188 2547 censui,
1217 2483 1278 2548 ego
1303 2475 1387 2529 ante

179 2567 318 2630 reditum
343 2567 519 2651 legatorum
542 2586 637 2630 ausus
658 2587 730 2631 sum
755 2566 874 2651 dicere,
893 2567 1011 2632 Pacem
1038 2569 1140 2652 ipsam
1163 2569 1191 2630 si
1215 2567 1386 2653 afferrent,

177 2671 331 2752 quoniam
360 2671 419 2734 suh
448 2671 581 2733 nomine
610 2671 698 2755 pacis
727 2670 848 2734 bellum
876 2669 1004 2754 lateret,
1031 2669 1284 2754 repudiandam3
1323 2691 1387 2755 ego

179 2776 325 2858 princeps
348 2791 516 2858 sagorum3
543 2791 603 2856 ego
624 2791 750 2857 semper
772 2773 864 2836 illum
886 2773 1044 2857 appellavi
1067 2773 1203 2858 hostem,
1225 2793 1299 2838 cum
1324 2777 1384 2840 alii

134 2895 163 2946 25
178 2875 406 2961 adversarium,
428 2894 553 2960 semper
575 2876 636 2939 hoc
658 2876 788 2959 bellum,
808 2895 880 2940 cum
900 2875 958 2940 alii
981 2876 1164 2940 tumultum.
1207 2875 1282 2940 Nec
1300 2877 1387 2942 haec

179 2981 214 3041 in
238 2989 351 3044 senatu
376 2979 501 3062 solum3
526 2977 639 3042 eadem
663 2979 704 3042 ad
728 2978 877 3063 populum
903 2997 1029 3062 semper
1050 2980 1122 3062 egi:
1148 2999 1250 3062 neque
1275 2981 1385 3045 solum

180 3081 216 3145 in
230 3084 347 3168 ipsum,
361 3082 417 3147 sed
432 3083 469 3146 in
483 3083 554 3146 eius
576 3083 683 3146 socios
698 3081 878 3145 facinorum
898 3090 932 3144 et
948 3083 1125 3166 nnnhtros,
1141 3091 1175 3145 et
1195 3095 1385 3166 praesentes

178 3285 251 3334 ditiori
273 3287 343 3335 could
361 3296 402 3334 nor
422 3285 462 3334 lut
483 3283 572 3334 involve
598 3287 634 3336 ebe
803 3287 832 3335 of
838 3288 879 3336 the
893 3289 998 3350 emhsssy
1015 3288 1034 3335 is
1050 3297 1076 3336 to
1092 3303 1132 3337 sue
1149 3289 1186 3336 ior
1201 3303 1271 3350 pesce
1288 3305 1321 3337 on
1335 3293 1386 3338 Aa·

177 3351 269 3414 dnngm
291 3351 341 3398 und
365 3364 497 3410 myrenes
523 3359 547 3396 to
568 3347 647 3398 ΗΜ
658 3387 664 3398 .
708 3352 753 3399 Ηὶι
802 3354 879 3415 tony’s
890 3363 968 3408 tama.
979 3353 1034 3415 why
1046 3354 1101 3401 does
1117 3363 1159 3401 not
1176 3353 1228 3402 that
1245 3369 1333 3414 appear
1351 3371 1384 3403 on

178 3415 265 3474 loyslty
285 3416 352 3462 mode
371 3414 419 3463 him
438 3413 516 3460 shrine
526 3413 595 3473 from
617 3413 754 3465 intorem
802 3417 843 3464 the
855 3418 904 3464 isco
915 3417 944 3464 oi
951 3415 991 3464 the
1002 3418 1166 3466 motionland
1178 3418 1199 3465 ii
1206 3419 1385 3469 ilistodictate

177 3478 752 3544 aoithmensostoirreduidrmlirrdosgsrltf
803 3482 1200 3539 temsmharhrvewetofarr·

177 3547 290 3593 mdeuen
307 3541 753 3608 ij‘hehodlittlengcrdfnrhicm
840 3557 877 3608 15.
896 3550 935 3598 Ad
963 3550 990 3596 id
1015 3551 1173 3603 consilinm.
1199 3547 1270 3596 ‘shall
1298 3549 1385 3598 luiz

177 3609 754 3673 lrse,sti11iewasostoegrsulimporrumtotlre
803 3613 890 3674 mysell'
896 3628 927 3674 up
938 3613 1166 3676 insuchspolicyl'

177 3685 235 3723 rnre
245 3676 302 3723 lohe
312 3675 460 3739 mdwgered
469 3674 597 3734 moussy.
837 3691 876 3726 aa.
895 3680 992 3726 Pacem
1013 3680 1108 3740 ipsam,
1125 3679 1179 3726 ‘the
1195 3679 1293 3743 goddess
1307 3677 1387 3726 Pence

212 3755 235 3804 9.
254 3740 317 3788 Non
348 3743 434 3788 solum
472 3742 586 3796 audivit,
615 3738 665 3796 dec..
693 3746 753 3789 'not
802 3741 899 3790 haral:

178 3805 234 3868 only
244 3804 323 3862 heard,
335 3806 376 3852 hut
388 3805 478 3853 leamed
490 3806 523 3866 hy
533 3805 600 3853 hesrt
612 3805 653 3853 the
665 3801 752 3854 lesson!
837 3819 876 3869 24.
895 3809 1025 3870 Princeps
1051 3824 1186 3874 sagorum.
1230 3807 1315 3856 cicun
1333 3810 1385 3856 had

215 3883 252 3918 ra.
270 3871 450 3926 Excessimus,
470 3875 519 3916 ‘we
540 3870 601 3918 have
623 3870 689 3917 elfled
712 3881 754 3918 ont
803 3873 874 3936 urged
896 3874 948 3922 that
970 3874 1010 3921 the
1033 3874 1135 3936 military
1156 3875 1217 3922 dress
1241 3873 1324 3922 should
1353 3876 1384 3922 he

178 3936 218 3982 the
229 3935 306 3982 flower
318 3935 346 3998 οξ
359 3949 401 3982 onr
416 3934 490 3996 youth
507 3935 568 3982 from
585 3935 625 3983 rhe
635 3935 711 3983 whole
728 3931 757 3982 ol
803 3939 906 3986 msumed
918 3955 942 3986 ss
954 3939 1016 4000 early
1027 3953 1052 3988 as
1062 3939 1103 3987 the
1117 3948 1152 3987 rat
1166 3939 1195 3987 oi
1204 3939 1317 4000 annary‚
1329 3941 1383 4000 (see

179 3999 254 4063 huy:
282 3999 324 4060 Cp.
344 4014 385 4060 pro
403 3999 465 4048 Mur.
484 4012 521 4056 ιι,
540 3998 570 4048 ad
591 4000 632 4047 ‘ln
649 3999 753 4048 maruhnr
803 4013 826 4063 5.
841 4013 878 4058 ts,
893 4003 943 4066 32.)
955 4003 1045 4067 though
1057 4003 1075 4051 it
1090 4013 1189 4052 mnot
1204 4003 1291 4051 tillthe
1302 4013 1384 4051 return

178 4067 263 4114 iactata
279 4073 302 4111 et
318 4064 426 4113 excussa?
467 4064 520 4112 'l'he
537 4066 594 4113 later
611 4065 676 4112 MSS.
693 4065 753 4113 have
803 4066 832 4114 ol
850 4068 890 4116 the
912 4069 1070 4116 arnhasradors
1096 4069 1148 4117 that
1169 4067 1205 4116 hir
1231 4069 1313 4117 advice
1332 4084 1384 4117 vas

178 4129 333 4186 ‘excivimus’
344 4131 385 4178 hut
396 4135 402 4156 ¹
412 4131 561 4178 excussimns'
578 4131 597 4177 is
611 4131 697 4191 quoted
708 4132 753 4178 snd
803 4131 910 4180 followed
922 4132 957 4194 (8.
972 4145 1010 4190 11,
1022 4133 1073 4194 32).

177 4197 297 4259 explained
309 4197 341 4257 hy
351 4193 440 4242 Nonius
451 4197 485 4257 (p.
500 4193 678 4259 appluheing
691 4197 754 4256 equi·
838 4209 875 4258 ²5·
896 4200 1099 4256 Adversarinm,
1119 4203 1150 4246 ‘s
1176 4198 1278 4260 politicsl
1305 4212 1385 4260 oppo-

178 4263 256 4309 vslcnt
267 4271 291 4308 to
303 4259 440 4321 'elegimus'
803 4261 874 4307 nent!

215 4337 251 4384 ¹³·
270 4325 296 4372 si
317 4321 577 4382 accipiendam.&c..
589 4327 595 4344 ¹
605 4319 753 4378 iltheohjeer
839 4323 1006 4372 Tumultnm.
1040 4327 1083 4387 Cp.
1094 4327 1118 4373 8.
1132 4339 1153 4381 r,
1167 4339 1179 4374 a
1192 4326 1239 4373 loll.
