2868 4700
174 255 217 319 60
521 261 570 320 M.
602 260 761 321 TULLII
790 259 1040 322 CICERONIS
1199 286 1242 327 oo.
1254 270 1384 326 17-10.

173 418 249 482 dum
273 421 327 500 sit,
354 430 390 484 ut
414 422 487 504 erit,
511 440 637 504 semper
661 439 762 484 novus
785 421 937 484 veniam:
959 438 1057 502 quam
1079 417 1266 482 famutatem
1290 413 1384 478 milri

174 523 346 587 multitudo
361 524 455 588 istius
468 527 624 588 vitiorum
638 533 903 609 peccatorumque
920 525 1059 608 largitur.

219 626 318 690 Visne
334 629 432 713 igitur
446 637 480 692 te
501 630 711 714 inspiciamus
729 649 750 692 a
769 629 886 713 puero?
928 628 993 711 Sic,
1010 628 1143 711 opinor3
1172 644 1192 688 a
1213 621 1383 708 principio
1402 611 1426 674 l

173 731 343 794 ordiamur.
388 732 541 796 Tenesne
557 735 715 796 memoria
729 741 962 816 praetextatum
977 741 1011 794 te
1025 728 1212 795 decoxisse?
1255 725 1381 808 Patris,
1399 733 1426 778 4

145 834 313 918 §inquies
338 837 401 898 ista
421 836 512 919 culpa
533 845 591 900 est.
635 835 809 920 Conced03
833 837 956 900 etenim
980 844 1029 899 est
1053 833 1186 918 pietatis
1200 831 1294 916 plena
1319 829 1384 894 dc-

173 936 289 1000 fensio.
343 936 424 1002 Illud
439 949 551 1004 tamen
565 940 717 1004 audaciae
732 949 818 1024 triae,
833 941 917 1025 quod
932 939 1046 1003 sedisti
1067 940 1103 1000 in
1117 934 1383 1020 quartuordecim

172 1040 351 1126 ordinibus,
365 1061 439 1106 cum
454 1052 538 1106 esset
550 1043 619 1127 lege
635 1044 757 1108 Roscia
771 1044 993 1108 decoctoribus
1001 1051 1107 1107 certus
1119 1041 1217 1123 locus,
1226 1039 1382 1123 quamvis

173 1147 245 1227 quis
260 1145 405 1209 fortunae
421 1147 515 1231 vitio,
532 1167 597 1210 non
619 1167 677 1210 suo
699 1147 888 1211 decoxisset.
931 1147 1102 1230 Sumpsisti
1123 1145 1263 1226 virilem,
1276 1159 1381 1224 quam

173 1250 287 1312 statim
317 1250 505 1314 muliebrem
535 1259 644 1336 togam
673 1251 852 1316 reddidisti.
911 1250 1020 1314 Primo
1049 1249 1178 1333 vulgare
1214 1255 1382 1326 scortum3

132 1377 161 1412 ιο
173 1363 260 1418 certa
275 1353 390 1439 flagitii
407 1374 529 1418 merces
545 1375 604 1419 nec
627 1375 665 1418 ea
683 1375 798 1438 parva3
821 1355 876 1418 sed
897 1355 965 1418 cito
984 1353 1086 1420 Curio
1108 1351 1297 1433 intervenit,
1317 1351 1380 1431 qui

173 1466 206 1520 te
230 1477 250 1520 a
274 1460 457 1522 meretricio
475 1467 608 1541 quaestu
628 1458 759 1522 abduxit
781 1467 827 1542 et,
845 1467 1010 1541 tamquam
1029 1457 1146 1521 stolam
1165 1455 1318 1536 dedisset,
1338 1453 1380 1514 in

174 1561 384 1624 matrimonio
413 1561 522 1624 stabili
553 1571 586 1624 et
615 1570 705 1625 certo
733 1562 914 1626 collocavit.
974 1562 1087 1625 Nemo
1116 1578 1268 1643 umquam
1296 1577 1381 1642 puer
1396 1571 1426 1616 ar

173 1673 299 1746 emptus
322 1663 467 1728 libidinis
489 1685 584 1729 causa
606 1674 674 1729 tam
696 1665 759 1728 fuit
782 1667 817 1729 in
839 1665 965 1729 domini
988 1673 1147 1750 potestate
1168 1683 1266 1747 quam
1285 1671 1321 1724 tu
1339 1662 1379 1722 in

173 1765 337 1832 Curionis.
390 1767 552 1855 Qotiens
581 1777 614 1832 te
644 1779 734 1853 pater
763 1771 832 1832 eius
861 1770 958 1832 domu
987 1789 1044 1832 sua
1073 1768 1193 1831 eiecit?
1224 1767 1379 1848 quotiens

132 1889 159 1938 ¹⁵
173 1869 334 1954 custodes,
356 1873 474 1955 posuit,
496 1891 538 1934 ne
558 1872 659 1936 limen
680 1874 837 1937 intrares?
860 1892 932 1936 cum
953 1881 989 1935 tu
1014 1882 1125 1937 tamen
1149 1879 1244 1934 nocte
1274 1869 1379 1951 socia,

174 1974 323 2037 hortante
340 1974 488 2058 libidine,
502 1985 638 2060 cogente
654 1975 798 2040 mercede
814 1995 869 2060 per
883 1977 1007 2061 tegulas
1021 1976 1238 2039 demitterere.
1281 1971 1379 2060 Qae

174 2077 297 2162 flagitia
317 2078 430 2143 domus
448 2079 504 2142 illa
526 2079 647 2143 diutius
669 2079 751 2141 ferre
772 2099 837 2142 non
858 2082 974 2164 potuit.
1016 2078 1129 2144 Seisne
1152 2098 1205 2141 me
1219 2077 1259 2141 de
1280 2077 1378 2139 rebus

174 2181 255 2244 mihi
272 2183 453 2245 notissimis
468 2182 597 2248 dicere?
633 2183 816 2248 Recordare
832 2192 958 2268 tempus
975 2183 1064 2268 illud,
1080 2203 1152 2247 curn
1168 2191 1257 2266 puter
1271 2177 1378 2243 Curio

207 2361 227 2394 c.
238 2345 274 2394 18.
289 2345 397 2410 i'ming
405 2354 428 2394 to
436 2346 517 2396 ναίω
525 2345 609 2408 thetys
617 2347 748 2408 rrsdatony.
799 2363 871 2404 carm,
881 2348 921 2397 the
933 2356 939 2376 ¹
949 2349 1019 2397 stola’
1036 2350 1106 2415 being
1117 2347 1156 2398 the
1168 2349 1229 2396 dress
1245 2348 1274 2395 of
1280 2347 1378 2394 Roman

174 2411 253 2459 Cicero
268 2421 358 2474 esposse
374 2412 410 2459 tha
425 2413 746 2476 emougurremmpudmee,
799 2423 909 2469 matrona.
921 2424 947 2462 to
959 2415 1035 2462 which
1046 2415 1076 2463 be
1093 2430 1144 2477 says
1158 2414 1210 2461 that
1222 2415 1317 2475 Antony
1329 2412 1378 2460 had

172 2477 223 2525 und
238 2477 369 2542 profligocy
388 2479 419 2540 os
432 2479 467 2526 bis
485 2479 592 2538 boylrood.
604 2478 705 2538 whnrty
721 2479 749 2526 br
799 2495 830 2527 no
841 2481 904 2544 right
915 2481 973 2528 until
985 2478 1216 2544 hirmorriogewith
1223 2479 1302 2526 Curio.
1331 2478 1377 2540 Cp.

173 2543 273 2608 brought
282 2543 510 2608 dopmnoronly
521 2560 550 2591 err
561 2544 659 2604 himself,
669 2543 748 2590 buton
798 2561 818 2593 c.
838 2557 876 2600 πο,
894 2557 925 2606 50
943 2546 987 2594 ‘Ut
1004 2545 1050 2592 uiri
1066 2547 1100 2593 tui
1120 2545 1197 2593 similis
1213 2543 1287 2592 esses!
1321 2543 1377 2590 The

174 2609 427 2665 C.Crrrio.bisnoi1sr
438 2610 524 2674 though
541 2610 671 2674 misguided
682 2617 748 2671 purt-
798 2611 879 2674 ‘toga'
897 2626 943 2658 war
960 2627 1025 2658 worn
1042 2613 1074 2675 by
1089 2620 1224 2659 courteaans
1240 2610 1285 2656 and
1302 2609 1379 2656 freed-

173 2675 406 2736 mindebnuebrry.
797 2691 897 2724 women.
932 2677 975 2738 Cp.
985 2677 1072 2724 lions.
1087 2689 1139 2730 Μ,
1149 2673 1270 2732 62¹Quid
1280 2674 1377 2722 interest

206 2755 230 2802 4.
251 2743 474 2796 Praetextatum‚
492 2740 575 2788 ⁸while
592 2739 635 2788 still
653 2755 666 2788 a
683 2741 747 2802 boy,'
798 2741 821 2789 in
843 2750 959 2796 matrona,
978 2743 1059 2789 ancilla
1078 2757 1187 2804 peceesve
1208 2741 1311 2804 togata?
1329 2741 1377 2787 aud

174 2806 269 2854 'before
285 2807 401 2872 changing
412 2807 452 2854 the
469 2807 529 2853 dress
546 2807 574 2853 ot'
584 2806 694 2868 boyhood
712 2809 748 2853 ior
798 2807 859 2855 Orid
870 2807 911 2868 Ep.
924 2809 951 2854 de
963 2809 1030 2856 Pont.
1043 2821 1066 2868 3.
1079 2821 1093 2870 3

173 2871 226 2920 that
242 2874 271 2918 oi
284 2873 420 2920 manhood.’
453 2871 496 2932 Cp.
516 2871 576 2934 Livy
589 2883 627 2919 aa.
640 2881 671 2934 57
689 2872 748 2919 'De
831 2873 978 2934 'Scripsimus
997 2873 1055 2921 haec
1073 2874 1123 2928 illis.
1142 2887 1238 2935 quarum
1257 2887 1299 2920 nec
1317 2873 1376 2920 vitta

173 2939 233 2985 lectu
245 2938 328 2992 edicto,
340 2937 439 2984 iuniores
454 2939 483 2983 ab
495 2938 560 2984 annis
577 2937 748 2997 septemdecim,
914 2940 1007 3000 pudicas

173 3011 197 3049 et
209 3003 320 3065 quosdam
331 3010 486 3063 praetextatos
498 3002 613 3050 scribent!
875 3005 977 3068 Attingit
987 3005 1068 3060 mines,
1080 3019 1122 3052 nec
1134 3005 1191 3052 stola
1203 3005 1272 3067 longa
1283 3002 1369 3064 pedes!

217 3068 381 3122 Decoxisse,
415 3073 495 3114 ‘were
527 3082 541 3113 a
578 3066 708 3127 bankrupr:
735 3083 748 3114 a
834 3070 980 3129 14.Domu.
1005 3068 1376 3122 SomeMSS.bave‘domo.'but

173 3133 281 3195 meaning
293 3133 375 3195 gained
392 3131 452 3179 from
469 3130 509 3178 the
526 3147 589 3180 sense
603 3135 631 3178 ot'
646 3133 748 3197 ‘boiling
798 3135 894 3182 ‘domu'
909 3135 928 3183 is
944 3135 984 3183 the
1000 3135 1095 3200 reading
1111 3137 1139 3182 oi
1147 3135 1296 3182 tireVatiean
1313 3134 1376 3190 MS„

172 3198 242 3244 down
254 3207 279 3245 to
291 3197 404 3261 nothing.¹
437 3197 480 3258 Cp.
492 3197 559 3260 Pliny
570 3198 601 3245 N.
611 3199 640 3246 ll.
655 3210 694 3260 3³·
709 3211 747 3254 ιο,
799 3201 843 3248 and
861 3201 908 3248 also
920 3201 949 3248 oi
961 3201 1124 3249 thebestMS.
1136 3201 1166 3248 ot'
1173 3201 1237 3250 Verr.
1249 3202 1301 3248 Aet.
1315 3211 1337 3248 a.
1350 3211 1374 3261 5.

172 3273 204 3324 47
217 3263 279 3322 ‘Qui
291 3263 377 3323 primus
392 3263 503 3324 acceperit
519 3279 648 3328 cognomen
662 3263 747 3319 diuitis,
798 3266 903 3328 49,128
926 3267 1020 3314 ‘Domu
1040 3281 1080 3314 sua
1101 3266 1285 3326 toraexpilara!
1320 3264 1375 3312 The

172 3329 290 3376 decoxisse
304 3328 454 3376 creditoribus
470 3329 529 3376 suis'
563 3329 676 3392 Antony's
693 3344 748 3390 apo-
798 3330 858 3378 form
876 3333 895 3379 ia
911 3333 959 3380 also
974 3333 1045 3379 found
1061 3331 1085 3380 in
1102 3332 1143 3379 the
1156 3331 1300 3380 Praenestine
1317 3331 1375 3377 Kal-

172 3393 227 3457 logy
238 3395 328 3441 rendere
337 3393 356 3440 it
366 3394 476 3455 probable
487 3394 594 3443 thattbir
604 3395 748 3457 bankruptcy
797 3397 867 3444 endar
884 3397 972 3458 (Orelli,
986 3397 1089 3460 inscript.
1104 3397 1158 3447 Lat.
1173 3410 1194 3446 a.
1205 3413 1227 3459 p.
1240 3395 1306 3460 388),
1323 3396 1373 3442 ‘IN

172 3461 285 3508 consisted
303 3461 326 3507 in
338 3460 379 3507 the
392 3460 549 3508 renunciation
566 3461 594 3508 oi
606 3461 641 3508 his
652 3460 745 3508 father's
797 3462 892 3510 quv
906 3463 972 3511 lMl‘.
986 3462 1149 3521 causatus:
1164 3465 1208 3510 and
1224 3465 1242 3510 it
1257 3463 1275 3510 is
1286 3462 1373 3522 quoted

171 3534 251 3580 estate.
262 3541 300 3574 see
312 3541 342 3574 on
354 3541 375 3576 c.
386 3523 424 3580 16.
436 3537 476 3585 41.
794 3529 827 3590 by
844 3529 982 3576 Garatouius
998 3543 1023 3576 as
1033 3543 1047 3575 a
1058 3529 1152 3593 reading
1167 3530 1191 3575 in
1202 3529 1267 3590 Pliny
1278 3527 1320 3588 Ep.
1336 3539 1374 3576 to.

206 3603 229 3652 5.
246 3593 384 3641 Concedo.
423 3591 488 3638 Your
509 3606 565 3653 very
587 3591 669 3639 dutiiirl
691 3607 746 3654 apo-
797 3591 836 3655 7⁶.

171 3656 227 3721 iogy
239 3658 259 3704 ia
269 3658 337 3712 velid,
349 3673 374 3704 aa
390 3657 499 3721 excusing
514 3673 573 3719 your
587 3667 693 3719 poverty,
704 3658 745 3705 but
832 3657 869 3708 16.
880 3660 1008 3723 cogente
1026 3659 1159 3709 mercede.
1181 3658 1374 3706 Abraminotices

172 3723 191 3770 it
208 3723 262 3770 does
278 3731 320 3770 not
335 3723 417 3785 justify
433 3738 493 3785 your
509 3723 621 3787 breaking
637 3723 677 3770 the
694 3724 745 3779 law.
798 3723 837 3772 the
852 3725 945 3781 diruas,
963 3732 1024 3773 ‘nox
1042 3725 1103 3773 socia
1119 3725 1278 3782 cathenatur
1294 3725 1373 3778 libido,

172 3787 249 3835 which
271 3787 337 3836 takes
359 3804 388 3835 eo
421 3789 500 3836 inance
522 3788 578 3851 only
596 3788 624 3836 of
643 3805 656 3835 a
674 3789 747 3837 man's
797 3804 883 3838 merces
894 3791 972 3854 cogit!

172 3855 279 3916 position,
291 3855 373 3902 notos
408 3869 509 3902 eeauses
520 3856 549 3902 oi
557 3855 583 3903 it.
831 3856 882 3902 Per
910 3857 1034 3920 tegulas.
1068 3858 1111 3918 Cp.
1124 3857 1245 3906 TenEun.
1257 3869 1281 3915 3.
1293 3867 1316 3918 5,
1329 3871 1362 3916 40

208 3927 229 3981 7.
246 3919 320 3983 Lege
338 3920 448 3975 Roscia,
468 3920 508 3967 the
526 3920 570 3967 laer
591 3921 620 3966 oi
636 3921 663 3968 L.
687 3920 747 3968 Ros·
830 3921 923 3968 'Deum
940 3923 1022 3968 sesein
1038 3923 1136 3984 pretium
1147 3923 1372 3984 convenissentque

172 3985 220 4032 cius
237 3984 310 4039 Otho,
322 3982 354 4046 67
372 3985 439 4039 B.C.,
456 3985 569 4049 assigning
585 3985 626 4032 the
643 3987 747 4033 fourteen
895 3987 919 4034 in
930 3987 1013 4034 alienas
1025 3988 1113 4052 tegulas

172 4065 231 4098 rows
254 4050 282 4096 of
295 4057 355 4096 seats
374 4049 531 4112 immediately
550 4050 635 4097 behind
653 4051 693 4098 the
711 4066 748 4098 or·
846 4053 940 4100 Venisse
949 4053 1280 4115 clanculumperimpluriurn,
1295 4053 1370 4102 fucum

171 4116 261 4164 chestra
273 4124 298 4163 to
310 4115 350 4162 the
361 4115 456 4176 equites.
480 4115 523 4176 Cp.
536 4115 746 4178 Hor.Epod.4,15
895 4119 983 4166 factum
994 4119 1105 4173 mulieri;'

206 4181 378 4242 ‘Sedilibusque
389 4194 487 4242 magnus
498 4179 521 4225 in
533 4180 612 4239 primis
623 4195 692 4241 eques
798 4182 872 4231 where
890 4183 1048 4244 'impluvium'
1061 4185 1079 4230 is
1092 4185 1147 4232 used
1159 4185 1195 4233 ior
1211 4183 1252 4232 the
1269 4195 1371 4248 aperture

288 4245 382 4294 Othone
393 4252 527 4305 contempto
539 4243 618 4291 redet!
798 4248 821 4293 in
833 4248 873 4295 the
884 4250 943 4304 roos.
956 4249 1045 4310 usually
1057 4250 1243 4312 'compluvium'

205 4327 228 4376 9.
246 4313 363 4377 Togam.
404 4308 748 4362 SomeMSS.¹stolam,'but
831 4312 1038 4362 Demitterere.
1082 4315 1112 4362 So
1145 4315 1222 4370 Halm.
1256 4315 1341 4363 iollo'

173 4379 217 4426 this
234 4380 292 4425 loses
308 4377 349 4425 tire
364 4375 439 4422 whole
457 4374 522 4435 point
542 4373 570 4420 oi
585 4371 685 4420 Cicero'a
702 4388 749 4420 sar·
798 4375 918 4431 Ferrarius.
930 4377 966 4424 ior
977 4377 1017 4425 the
1030 4379 1080 4426 MS.
1091 4381 1185 4445 reading
1196 4381 1359 4430 ‘dimitterem
