2998 4706
160 259 222 322 218
498 259 548 322 M.
581 259 743 320 TULLII
770 259 1024 322 CICERONIS
1219 273 1368 326 mli-¹1.

157 418 185 480 si
207 436 309 482 unum
331 419 366 482 ln
390 417 494 484 locum
517 419 733 505 conferantur,
753 440 826 485 cum
846 420 911 485 Ser.
929 420 1072 504 Sulpicio
1093 437 1160 484 non
1181 421 1252 483 sint
1274 435 1368 482 com-
1475 479 1476 482 ,

156 520 299 606 parandi.
356 521 433 588 Nec
461 525 552 588 enim
581 525 636 588 ille
667 527 770 610 magis
796 526 876 589 iuris
902 525 1066 588 consultus
1090 543 1186 608 quam
1214 523 1366 588 iustitiae

155 623 228 690 fuit.
284 624 336 690 Ita
361 645 400 690 ea
425 646 507 712 quae
534 627 815 712 proficiscebantur
839 650 859 693 a
885 629 1008 712 legibus
1036 637 1071 692 et
1097 629 1139 692 ab
1169 629 1237 692 iure
1268 626 1365 690 civili
1378 639 1409 684 11
1475 699 1476 704 ἵ

155 747 280 814 semper
303 730 342 794 ad
369 731 562 796 facilitatem
586 735 847 816 aequitatemque
870 732 1040 816 referebat,
1062 751 1164 814 neque
1187 732 1366 796 instituere

126 833 263 898 slitium
288 837 434 900 actiones
461 836 602 900 malebat
626 856 723 920 quam
750 839 985 901 controversias
1011 836 1133 900 tollere.
1188 833 1275 918 Ergo
1301 835 1367 898 hoc

155 943 280 1002 statuae
306 941 509 1002 monimento
539 959 605 1003 non
628 952 719 1023 eget:
750 941 847 1006 habet
877 941 942 1004 alia
969 941 1100 1004 maiora.
1153 937 1245 1002 Haec
1269 939 1366 1000 enim

155 1047 263 1104 statua
287 1043 401 1106 mortis
424 1043 580 1108 honestae
601 1047 696 1108 testis
718 1046 792 1129 erit,
817 1044 873 1108 illa
895 1044 1052 1108 memoria
1075 1044 1164 1106 vitae
1189 1041 1366 1126 gloriosae,

156 1155 192 1206 ut
207 1143 267 1208 hoc
289 1146 392 1230 magis
412 1149 649 1212 monimentum
666 1149 750 1233 grati
773 1156 903 1212 senatus
923 1166 1019 1230 quam
1041 1147 1120 1210 clari
1135 1145 1198 1208 uiri
1218 1145 1365 1208 futurum

157 1219 398 1354 sitssMultum
419 1253 523 1315 etiam
543 1252 681 1316 valuisse
703 1251 743 1316 ad
766 1253 867 1336 patris
889 1252 1045 1314 honorem
1067 1252 1171 1335 pietas
1190 1247 1249 1312 filii
1271 1247 1366 1310 vide-
1379 1262 1413 1308 rs

113 1367 144 1404 10
157 1352 263 1416 bitur:
286 1357 340 1438 qui
356 1373 549 1439 quamquam
564 1355 701 1420 afflictus
716 1358 804 1420 luctu
820 1375 886 1420 non
906 1355 1008 1439 adest,
1023 1365 1135 1418 tamen
1152 1355 1199 1417 sic
1220 1353 1364 1416 animati

156 1476 227 1522 esse
248 1457 385 1544 debetis,
400 1470 435 1523 ut
451 1461 479 1523 si
500 1461 557 1523 ille
579 1460 714 1526 adesset.
759 1459 817 1524 Est
840 1469 948 1524 autem
971 1461 1020 1522 ita
1042 1457 1187 1540 affectus,
1207 1465 1243 1520 ut
1263 1475 1367 1521 nemo

156 1579 308 1645 umquam
323 1565 411 1626 unici
427 1562 486 1626 filii
501 1573 638 1628 mortem
653 1565 757 1646 magis
771 1563 910 1628 doluerit
925 1581 1021 1646 quam
1037 1563 1092 1626 ille
1107 1569 1228 1626 maeret
1248 1561 1364 1644 patris.

157 1663 200 1728 Et
221 1665 351 1747 quidem
374 1667 473 1729 etiam
495 1666 535 1731 ad
558 1667 679 1732 famam
701 1665 765 1732 Ser.
789 1667 925 1752 Sulpicii
948 1667 1006 1730 filii
1031 1666 1166 1730 arbitror
1187 1667 1364 1752 pertinere,

156 1776 192 1830 ut
222 1767 369 1832 videatur
397 1769 551 1834 honorem
589 1772 735 1835 debitum
771 1773 854 1855 patri
887 1771 1097 1856 praestitisse.
1156 1769 1363 1856 Qamquam

114 1876 143 1927 ¹⁵
158 1870 280 1934 nullum
295 1873 531 1938 monimentum
550 1875 667 1938 clarius
680 1875 746 1939 Ser.
760 1875 918 1959 Sulpicius
938 1875 1117 1957 relinquere
1137 1874 1242 1958 potuit
1262 1891 1363 1956 quarn

157 1971 295 2057 effigiem
324 1993 449 2040 morum
478 1997 617 2062 suorum,
647 1979 789 2062 virtutis,
820 1979 1035 2062 constantiae,
1063 1979 1206 2062 pietatis,
1232 1977 1361 2062 ingenii

156 2077 269 2162 filiurn,
285 2081 374 2142 cuius
396 2080 499 2144 luctus
514 2091 569 2144 aut
584 2083 644 2146 hoc
667 2083 785 2145 honore
800 2091 908 2145 vestro
929 2091 985 2146 aut
1006 2083 1094 2146 nullo
1114 2081 1236 2146 solacio
1255 2081 1362 2144 levari

158 2192 274 2268 potest.

200 2285 287 2350 Mihi
317 2298 426 2350 autem
455 2289 634 2352 recordanti
658 2287 722 2354 Ser.
747 2288 881 2374 Sulpicii
912 2289 1029 2352 multos
1059 2290 1095 2352 in
1125 2297 1234 2352 nostra
1263 2287 1405 2360 fanti-6

113 2411 145 2447 ao
158 2390 298 2454 liaritate
317 2411 481 2455 sermones
500 2394 620 2476 gratior
643 2392 693 2455 illi
715 2393 899 2476 videtur,si
921 2395 977 2476 qui
1000 2401 1049 2456 est
1063 2411 1173 2456 sensus
1188 2393 1224 2454 in
1244 2399 1362 2474 morte,
1376 2407 1410 2453 aa

157 2515 259 2559 aenea
273 2505 379 2559 statua
393 2495 499 2560 futura
514 2506 547 2559 et
563 2517 601 2559 ea
621 2495 777 2581 pedestris
791 2515 887 2580 quam
908 2499 1056 2560 inaurata
1076 2497 1242 2580 equestris,
1257 2495 1362 2578 qualis

193 2691 214 2726 a.
234 2680 303 2728 Iuris
322 2681 470 2734 consultus.
485 2679 539 2734 suc..
557 2687 635 2728 'more
653 2679 733 2727 skilled
783 2678 855 2728 ofhls
867 2680 959 2730 worth!

158 2745 181 2792 in
196 2743 237 2791 the
251 2745 316 2792 letter
332 2745 427 2792 thanis
442 2745 482 2793 the
497 2747 560 2807 spirit
575 2747 604 2794 of
618 2745 658 2794 the
673 2747 733 2794 law!
816 2745 839 2792 8.
859 2748 917 2794 Ηοι
949 2748 1044 2810 magis,
1067 2743 1119 2800 dre..
1144 2743 1207 2792 ‘this
1232 2743 1278 2789 will
1305 2743 1360 2790 bear

160 2811 204 2858 For
216 2811 256 2858 the
266 2825 317 2858 case
329 2826 366 2858 see
377 2827 408 2858 on
422 2825 443 2860 a.
457 2818 495 2873 37.
508 2811 549 2874 96.
782 2811 873 2858 vimen
884 2811 961 2860 rather
971 2820 997 2860 to
1012 2812 1053 2859 the
1064 2811 1179 2875 gratitnde
1190 2810 1219 2857 of
1230 2809 1270 2856 the
1282 2817 1360 2857 senate

190 2892 214 2940 4.
234 2877 415 2932 Facilitatem,
437 2878 542 2939 properly
565 2877 687 2924 'readiness
707 2885 732 2924 to
783 2876 839 2924 than
850 2876 891 2924 the
902 2887 1015 2942 greatuess
1027 2877 1055 2924 of
1063 2877 1103 2923 the
1114 2877 1183 2924 man?

157 2941 239 2997 lineo:
251 2957 323 2990 seems
334 2941 396 2996 here,
406 2943 466 2989 from
477 2943 507 2992 its
514 2943 663 3003 conjunctior
675 2943 732 2990 with
821 2954 857 2990 ra.
876 2943 1003 2991 Doluerit
1017 2978 1057 2990 ...
1070 2952 1181 2997 maeret.
1198 2940 1261 2989 ‘that
1272 2955 1303 2986 no
1315 2954 1360 2986 one

157 3007 289 3070 'aequitas'
309 3017 334 3056 to
352 3022 419 3055 mean
443 3009 594 3073 ‘willingness
617 3019 641 3056 to
661 3009 733 3055 admit
783 3007 824 3053 has
840 3023 893 3055 ever
901 3007 949 3068 seli
963 3023 1027 3056 more
1044 3008 1105 3071 grief
1118 3008 1154 3054 for
1170 3007 1211 3054 the
1226 3007 1270 3052 loss
1285 3005 1313 3052 of
1328 3020 1359 3052 an

158 3083 290 3138 arguments
303 3075 362 3120 from
378 3073 459 3134 special
474 3075 665 3128 circumstances.'
677 3073 733 3120 such
784 3073 839 3135 only
850 3088 892 3120 son
904 3072 960 3120 than
972 3073 1084 3121 herbosus
1096 3075 1131 3120 for
1146 3073 1186 3120 the
1197 3071 1267 3120 death
1282 3071 1310 3118 of
1324 3070 1359 3117 his

157 3155 182 3187 as
194 3139 270 3203 might
281 3147 375 3201 prevent
392 3139 432 3187 the
443 3140 546 3204 rigoroua
558 3139 697 3202 application
708 3140 737 3186 of
784 3138 874 3187 father!
902 3139 1140 3187 forthisdistinction
1149 3135 1359 3185 betveerr‘doleo'

157 3205 198 3252 the
214 3206 278 3252 letter
294 3205 322 3252 ol
336 3204 376 3252 the
393 3206 444 3254 law.
486 3207 640 3271 ‘Argumenta
657 3204 733 3252 which
784 3205 828 3251 and
844 3205 965 3252 ‘maereo'
977 3219 1012 3266 ep.
1024 3206 1074 3252 Art
1087 3205 1196 3260 snalla
1212 3203 1359 3250 'Maerorem

158 3270 243 3317 started
260 3271 318 3316 frorn
337 3269 376 3317 the
392 3271 458 3318 letter
473 3271 501 3318 of
517 3287 558 3318 our
575 3280 671 3318 statutes
688 3271 733 3318 and
784 3270 864 3326 minui,
882 3271 986 3318 dolorem
1005 3285 1052 3318 non
1069 3269 1144 3331 potui,
1164 3285 1207 3316 nec
1224 3270 1243 3316 si
1262 3281 1360 3330 ροιιιιπ.

157 3335 198 3382 the
210 3349 319 3382 common
330 3335 375 3381 law
385 3349 445 3383 were
456 3337 581 3398 invariably
593 3337 690 3384 referred
702 3338 734 3400 by
783 3336 881 3384 vellem!

157 3400 206 3447 him
218 3409 243 3448 to
254 3399 294 3446 the
305 3401 411 3448 standard
420 3401 449 3448 of
456 3403 570 3448 tolersnce
581 3403 626 3450 and
638 3402 734 3463 equity!
816 3417 836 3450 c.
848 3399 872 3450 6.
892 3401 1011 3462 fhasorm
1021 3403 1194 3464 osmosumaat,
1206 3415 1222 3446 s
1229 3399 1360 3462 ριάιιοὶσε

158 3467 187 3514 So
212 3465 334 3512 ‘facilitas'
357 3465 375 3512 is
396 3467 476 3528 joined
496 3465 553 3513 with
572 3467 733 3522 ‘humanitas’
782 3475 857 3514 status
867 3469 897 3529 ns
904 3468 975 3524 bross,
985 3468 1089 3530 wnsjusr
1104 3467 1166 3514 subet
1177 3464 1292 3528 sulpicia
1302 3465 1360 3512 sim·

159 3533 223 3580 Fam.
244 3542 280 3591 13.
300 3544 338 3594 ²4·
359 3544 371 3578 a
390 3533 449 3578 'Pro
463 3541 503 3579 tua
521 3532 630 3580 facilitate
649 3541 673 3580 et
691 3531 734 3580 hu·
783 3533 833 3593 sals.
842 3533 896 3582 utu
906 3535 940 3580 his
951 3533 1116 3582 characteristic
1125 3531 1275 3586 meuses,
1282 3530 1361 3578 meld

158 3599 269 3646 munitate
285 3607 408 3662 purgatum
424 3613 447 3646 se
462 3598 505 3646 tibi
522 3598 599 3645 scribit
615 3597 678 3645 esse!
711 3599 732 3644 Λ
783 3597 841 3646 saue
853 3599 944 3647 wished.
978 3599 1032 3647 Nor
1046 3599 1116 3646 could
1131 3599 1158 3646 de
1165 3598 1223 3658 seer
1235 3596 1359 3658 moseos

158 3663 298 3725 conjectura}
313 3665 468 3720 emendation,
481 3663 635 3720 ¹utilitatem:
647 3665 733 3724 quoted
783 3678 813 3710 os
830 3663 866 3712 the
878 3673 936 3726 port
950 3666 980 3727 os
992 3666 1052 3714 tissa
1067 3665 1118 3713 who
1134 3663 1184 3711 ted
1193 3663 1307 3724 proposed
1324 3661 1360 3709 dra

158 3731 190 3791 by
202 3729 334 3787 Lambinus.
346 3731 422 3778 worrld
433 3731 497 3792 place
512 3731 553 3778 the
568 3729 698 3792 reputation
709 3729 737 3777 of
782 3738 876 3794 grunfar
886 3731 936 3778 aad
945 3745 1009 3778 more
1021 3738 1156 3794 parmam
1169 3725 1290 3776 morial
1307 3727 1338 3788 os
1343 3741 1359 3774 a

158 3796 264 3844 Servilius
280 3811 311 3842 on
327 3797 397 3844 much
413 3797 482 3844 lower
497 3798 605 3861 munds,
616 3800 640 3844 in
653 3797 735 3844 snbsti-
780 3795 859 3857 public
863 3796 963 3856 fissardi
971 3813 979 3850 ,¹
995 3797 1062 3844 subula
1071 3795 1099 3844 be
1115 3794 1213 3858 rep'niced
1223 3795 1272 3841 that
1287 3793 1360 3852 hyde

157 3861 234 3927 tutlng
245 3863 385 3925 expedieney
395 3862 431 3910 for
442 3863 530 3925 equity.
785 3875 848 3908 som
865 3871 915 3911 vota
932 3878 948 3910 o
965 3861 1113 3910 well-saraed
1130 3861 1221 3908 mour
1237 3858 1317 3906 would
1334 3858 1360 3906 bs

192 3927 288 3990 Neque
317 3963 323 3976 .
350 3964 356 3975 .
383 3964 390 3977 .
415 3931 543 3978 malebat.
606 3929 642 3976 He
680 3926 734 3975 thus
783 3926 843 3988 pnid
861 3937 885 3976 to
906 3928 1027 3989 Sulpicius,
1050 3927 1100 3974 und
1121 3926 1216 3974 mother
1237 3923 1315 3973 &aad
1334 3923 1364 3985 ο]

158 3993 252 4042 showed
270 3993 364 4042 himself
380 3995 403 4041 in
421 4003 523 4042 contrast
541 4003 566 4042 to
583 3995 625 4043 the
643 3994 734 4058 general
785 3993 873 4054 issnmy
884 3995 1007 4056 impressed
1016 4009 1045 4040 on
1057 3993 1157 4051 Amor.

157 4061 213 4108 class
225 4061 252 4109 of
264 4059 438 4116 ‘iureconsulti'
450 4061 573 4124 according
589 4070 615 4108 to
632 4058 734 4109 Cicero’s
818 4071 856 4107 ao.
875 4060 902 4108 si
923 4061 967 4122 qui
982 4069 1021 4107 est
1036 4073 1137 4114 sensus.
1148 4057 1194 4104 &a
1228 4055 1254 4102 ln
1265 4054 1294 4101 de
1305 4055 1359 4101 Am.

157 4127 291 4175 estimatioo
306 4127 333 4175 of
346 4126 418 4175 thern.
455 4126 499 4188 Cp.
514 4141 556 4188 pro
573 4127 635 4175 Mur.
650 4137 687 4186 ta,
703 4133 732 4186 27
783 4140 808 4189 4,
820 4125 887 4186 13he
895 4139 1008 4187 expresses
1017 4125 1058 4172 less
1070 4120 1242 4184 doubtfullyhis
1253 4120 1323 4167 rim
1334 4117 1361 4166 of

158 4195 235 4242 ‘Cum
247 4195 359 4255 permulta
370 4193 483 4256 praeclare
491 4193 579 4258 legibus
588 4202 662 4241 essent
676 4207 734 4240 cou-
783 4191 825 4238 the
841 4191 1010 4239 conscionsneas
1030 4191 1056 4238 of
1075 4189 1116 4237 the
1132 4189 1182 4236 sonl
1199 4187 1258 4235 after
1272 4183 1359 4232 death:

157 4259 247 4316 stituta.
259 4277 286 4308 ea
296 4260 500 4309 irueconsultorum
516 4259 612 4324 ingeniis
626 4260 734 4319 pleraque
784 4257 880 4317 ¹Neque
894 4257 956 4304 enlm
974 4255 1090 4303 adsentior
1107 4255 1143 4309 ils.
1159 4253 1198 4314 qui
1215 4266 1287 4312 nuper
1302 4251 1359 4296 haee

156 4333 262 4386 corrupta
274 4340 301 4372 ac
312 4326 435 4387 depravata
446 4324 513 4372 aunt!
783 4321 891 4368 disserere
912 4329 1044 4380 coeperunt,
1066 4335 1119 4366 cnm
1140 4317 1272 4378 corporrhus
1292 4315 1358 4362 simul

192 4397 214 4448 7.
234 4391 294 4444 llla.
307 4390 389 4438 ‘those
403 4389 470 4438 other
484 4396 574 4452 greater
586 4395 734 4434 monuments
783 4383 871 4431 animos
881 4385 973 4431 interire
984 4394 1054 4444 atque
1065 4384 1144 4432 omnia
1156 4391 1232 4429 morte
1242 4379 1326 4428 delen·

1469 4067 1476 4130 l
