2970 4698
149 257 181 314 rt
200 255 326 308 Μ.
484 251 656 312 ORATIO
684 251 961 315 PHILIPPICA
988 253 1058 314 III.
1303 263 1363 330 125

14 465 20 498 Ι
145 413 254 488 atque
284 409 444 472 exercitus
472 409 507 471 in
537 410 642 472 senati
674 409 845 494 populique
873 419 1034 495 potestate
1062 409 1284 497 praesidioque
1314 407 1361 470 rei

145 510 306 593 publicae
320 513 408 575 sint:
430 530 567 596 cumque
580 531 688 598 opera,
702 514 835 598 virtute,
849 514 988 578 consilio
1001 513 1041 580 C„
1056 513 1207 579 Caesaris
1221 531 1362 578 summo-

143 633 216 696 que
240 635 402 680 oonsensu
425 616 569 680 militurn
582 625 821 702 veteranorum,
840 619 896 700 qui
919 619 989 682 eius
1010 619 1236 682 auctoritatem
1257 615 1360 680 secuti

143 720 199 781 rei
234 719 385 804 prblicae
411 721 573 806 praesidio
603 729 739 785 suntet
767 721 907 806 firerunt,
932 741 953 785 a
980 723 1180 806 gravissimis
1209 719 1360 805 periculis

90 837 130 885 n
144 824 293 906 popuius
312 823 482 890 Romanus
502 824 651 889 defensus
672 826 718 888 sit
738 835 773 889 et
794 825 854 890 hoc
875 835 1019 910 tempore
1040 825 1228 890 defendatur
1235 792 1389 992 lucum-⁵

142 945 215 1010 que
247 928 334 1012 legio
356 927 482 992 Martia
504 928 605 992 Albae
631 929 828 1014 constiterit,
850 929 887 992 in
912 931 1091 1014 municipio
1115 928 1244 993 tideliss'
1282 947 1303 990 o
1326 936 1360 990 et

143 1029 350 1117 fortissimo,
374 1051 506 1116 seseque
531 1031 572 1096 ad
601 1042 733 1096 senatus
761 1034 989 1097 auctoritatem
1013 1033 1184 1118 populique
1212 1031 1358 1096 Romani

145 1134 345 1199 libertatem
375 1136 570 1220 contulerit3
600 1145 634 1200 et
659 1136 742 1220 quod
773 1139 840 1221 pari
871 1138 1011 1202 consilio
1040 1137 1214 1221 eademque
1239 1137 1360 1198 virtute

145 1237 246 1322 legio
264 1247 378 1323 quarta
392 1259 449 1303 usa
463 1239 500 1304 i„
515 1238 708 1324 Egnatuleio
722 1241 815 1326 duce,
830 1243 895 1305 civi
915 1242 1054 1326 egregio,
1073 1249 1202 1304 senatus
1222 1239 1360 1303 auctori-

145 1350 263 1406 tatem
299 1343 470 1427 populique
498 1342 643 1408 Romani
680 1344 865 1408 libertatem
901 1343 1054 1408 defendat
1091 1361 1128 1407 ac
1156 1341 1359 1406 defenderit:
1378 1363 1408 1398 ιο

144 1448 288 1510 senatui
311 1465 446 1530 magnae
467 1467 562 1512 curae
585 1467 654 1512 esse
674 1467 713 1512 ac
729 1449 811 1533 fore,
831 1459 867 1512 ut
887 1467 944 1533 pro
967 1449 1070 1512 tantis
1093 1465 1203 1510 eorum
1230 1446 1266 1507 in
1292 1463 1360 1506 rem

147 1551 322 1635 publioem
352 1552 479 1615 meritis
506 1553 641 1616 honores
670 1553 719 1615 eis
748 1553 925 1616 habeantur
953 1551 1136 1634 gratiaeque
1165 1549 1361 1612 referantur:

148 1655 288 1718 sensuri
310 1653 435 1739 placere
455 1657 504 1722 uti
519 1655 560 1722 C
575 1656 680 1721 Pansa
699 1656 741 1720 A.
760 1655 903 1740 Hirtius,
925 1655 1072 1720 consules
1092 1653 1265 1737 designati,
1287 1669 1361 1715 cunr
1482 1677 1483 1680 ¹

150 1759 384 1842 magistratum
406 1760 556 1845 inissent,
576 1762 605 1824 si
625 1761 674 1824 eis
694 1760 867 1846 videretur,
886 1761 991 1846 primo
1012 1777 1136 1843 quoque
1155 1766 1300 1842 tempore
1319 1753 1359 1818 de

150 1863 210 1926 his
230 1863 324 1925 rebus
345 1861 385 1926 ad
407 1863 491 1928 hunc
512 1864 659 1930 ordinem
683 1865 850 1950 referrent,
869 1865 917 1928 ita
934 1865 982 1928 uti
1000 1883 1019 1927 e
1037 1884 1072 1928 re
1093 1862 1221 1947 publica
1237 1859 1359 1944 fideque
1376 1881 1404 1933 ¹5

152 1987 217 2031 stra
231 1965 404 2031 videretur.

193 2145 216 2190 i.
233 2139 337 2188 senati.
377 2138 408 2187 So
432 2138 472 2187 the
493 2139 592 2190 vatican
615 2139 666 2189 MS.
710 2141 737 2190 1².
821 2155 845 2206 9.
862 2141 946 2197 Duce,
974 2141 1031 2189 civi
1055 2139 1180 2206 egregio.
1224 2139 1255 2187 So
1280 2139 1359 2195 Helm,

155 2204 354 2268 Ritsehlfflrein.
362 2204 424 2254 Mne.
434 2205 469 2252 ior
480 2205 551 2268 1853.
557 2219 581 2267 p.
590 2205 648 2270 495)
656 2215 738 2269 quotes
788 2207 907 2270 following
915 2221 979 2254 soene
987 2207 1017 2254 os
1021 2205 1062 2254 the
1071 2205 1135 2255 MSS.
1163 2203 1216 2252 The
1233 2205 1364 2270 readingof

156 2272 278 2320 inferour
289 2269 375 2318 ostitit
392 2269 453 2318 form
464 2271 658 2320 Diviuincm.
669 2283 693 2334 5,
706 2283 736 2336 19
786 2271 1084 2322 theVetieenMS.ie‘L.
1101 2271 1232 2336 egnetuleio
1249 2285 1293 2332 que
1309 2271 1359 2331 opti

156 2335 292 2385 ‘nmeficio
303 2335 375 2384 teneti
386 2335 510 2399 populique
521 2337 623 2385 Romeni
632 2337 646 2394 ς’
657 2337 735 2385 wirae
785 2355 798 2387 e
826 2338 879 2403 egio
896 2339 995 2394 motin
1008 2336 1084 2386 which
1100 2335 1359 2397 F.Bricheler(Rhein.

155 2401 510 2464 itreetsootheauthorityot'
521 2401 652 2459 Clusium
669 2403 735 2451 Fam.
813 2419 846 2453 ue.
858 2405 894 2452 tor
908 2403 978 2467 1857,
989 2417 1013 2464 p.
1024 2399 1083 2466 467)
1093 2402 1202 2450 contende
1216 2401 1360 2464 thet‘egre·

159 2481 183 2517 e.
201 2476 224 2530 7,
240 2483 258 2530 4
274 2466 324 2514 ‘Ut
346 2475 369 2515 et
389 2467 461 2515 senati
483 2468 613 2516 consutum
632 2477 657 2516 et
672 2469 735 2534 leges
784 2471 839 2536 gio'
855 2469 874 2518 ie
893 2485 906 2516 a
925 2485 989 2518 rnere
1006 2469 1075 2532 gloss.
1094 2468 1140 2516 and
1162 2467 1214 2515 that
1235 2465 1275 2514 the
1297 2466 1359 2530 right

156 2533 294 2586 defendm'
324 2531 355 2580 ib.
383 2531 406 2582 8.
433 2532 457 2590 8,
484 2529 501 2581 6
528 2533 679 2593 ‘Quominm
705 2535 735 2583 de
784 2533 1243 2600 mdingis¹L.Egnetuleio‚queeetore
1254 2531 1358 2593 optimo!

158 2597 342 2657 mmo,
364 2599 442 2646 referri
464 2599 583 2662 emtique
603 2600 734 2648 oonsuitum
785 2601 822 2649 He
847 2601 928 2650 iurene
950 2597 1062 2678 [¹duee‘]
1089 2598 1254 2661 oonjectunily
1281 2598 1359 2646 before
1477 2606 1484 2634 'v

156 2665 209 2712 fieri
227 2663 316 2726 pouit!
350 2662 409 2712 'rto
427 2665 470 2712 ieet
488 2679 584 2730 persepe
602 2667 622 2714 ie
642 2666 701 2714 from
721 2681 735 2714 e
785 2667 828 2714 ⁸11.
840 2665 995 2730 Egmtnlero!
1032 2665 1074 2713 Hie
1085 2665 1176 2712 riewis
1192 2665 1315 2726 supported
1326 2663 1359 2725 by

156 2731 274 2791 complete
285 2730 366 2778 decree
382 2730 412 2777 of
423 2729 464 2778 the
475 2739 561 2788 senate,
572 2731 656 2792 quoted
669 2733 693 2779 in
704 2733 735 2780 its
784 2732 806 2794 J.
818 2732 876 2795 Frey
895 2731 933 2794 (it.
948 2744 971 2791 p.
984 2728 1051 2796 631).
1066 2737 1149 2792 except
1166 2730 1218 2778 that
1234 2729 1273 2778 the
1290 2729 1359 2777 letter

157 2797 270 2860 integrity
291 2797 324 2860 by
347 2794 383 2843 Μ.
405 2795 504 2854 Coetus,
526 2797 550 2844 in
572 2811 586 2843 ι
614 2798 681 2846 letter
708 2806 734 2846 to
784 2796 865 2846 thinks
876 2796 1100 2858 th2t⁸eire’(more
1116 2793 1322 2861 probably‘eivi')
1340 2795 1359 2843 ir

156 2861 247 2910 amo.
784 2862 899 2912 theword
910 2862 1052 2924 represented
1064 2864 1096 2927 by
1108 2863 1182 2922 'que'
