2970 4698
134 289 163 345 il
181 291 303 342 dl—so.
392 281 397 288 ’
462 286 632 347 ORATIO
660 287 937 348 PHILIPPICA
963 286 1034 346 III.
1286 299 1346 366 123

132 441 345 506 immortales
360 445 453 508 nobis
467 445 547 509 baec
561 445 719 532 praesidia
732 446 907 510 dederunt:
929 447 998 510 urbi
1014 444 1200 529 Caesarem,
1217 442 1347 507 Bmttrm

131 543 285 610 Galliae.
344 548 379 612 Si
408 551 500 612 enim
530 549 585 614 ille
614 553 793 636 opprimere
822 551 933 614 urbem
968 553 1134 636 potuisset,
1163 549 1288 632 statim,
1318 548 1345 610 si

131 647 289 713 Galliam
305 660 430 736 tenere,
445 655 539 737 paulo
553 663 624 738 post
639 657 764 740 optimo
778 656 891 739 cuique
910 654 1104 740 pereundum
1119 662 1200 738 erat,
1214 651 1346 735 reliquis

68 753 117 819 14
130 755 361 820 serviendum.
406 756 503 822 Hanc
529 761 627 842 igitur
649 761 854 824 occasionem
873 759 1016 823 oblatam
1039 767 1163 842 tenete,
1187 777 1243 841 per
1268 754 1345 818 deos

130 858 363 924 immortales!
386 871 491 946 patres
510 865 696 949 conscripti,
717 873 750 927 et
770 865 963 949 amplissimi
983 865 1068 927 orbis
1090 873 1194 926 terrae
1212 859 1374 931 consiliis

130 964 308 1048 principes
330 984 388 1028 vos
414 985 483 1030 esse
505 967 677 1050 aliquando
702 969 925 1032 recordamini.
969 969 1101 1053 Signum
1128 966 1203 1030 date
1228 966 1345 1052 populo

130 1064 299 1132 Romano
324 1070 496 1132 consilium
521 1081 663 1134 vestrum
692 1092 759 1137 non
788 1072 897 1136 deesse
928 1074 975 1136 rei
1003 1073 1162 1157 publicae,
1189 1073 1344 1155 quoniam

130 1171 197 1234 ille
213 1175 372 1236 virtutem
386 1193 477 1238 suam
492 1193 559 1239 non
576 1175 756 1240 defuturam
777 1195 845 1240 esse
864 1177 1036 1262 profitetur.
1081 1177 1177 1239 Nihil
1194 1167 1245 1240 'est
1259 1175 1343 1259 quod

132 1295 299 1340 moneam
318 1297 385 1340 vos.
430 1277 541 1342 Nemo
564 1289 613 1343 est
634 1289 703 1342 tam
725 1280 840 1344 stultus
865 1283 920 1364 qui
947 1300 1013 1344 non
1039 1280 1214 1363 intelligat,
1241 1281 1269 1343 si
1294 1281 1344 1342 in-

131 1379 371 1444 dormierimus
399 1379 473 1447 huic
507 1385 658 1468 tempori,
686 1403 751 1448 non
788 1383 885 1448 modo
920 1383 1080 1447 crudelem
1116 1385 1344 1468 superbamque
1360 1401 1391 1438 re

133 1485 405 1550 dominationem
471 1488 533 1571 bis,
553 1487 610 1551 sed
634 1489 886 1570 ignominiosam
908 1490 1009 1552 etiam
1031 1497 1065 1552 et
1082 1488 1275 1571 flagitiosam
1297 1487 1344 1550 fe-

79 1609 119 1658 to
133 1593 280 1665 rendam
302 1611 383 1657 esse.
426 1592 544 1658 Nostis
565 1593 773 1658 insolentiam
790 1595 941 1680 Antonii,
962 1597 1065 1658 nostis
1086 1595 1220 1678 amicos,
1241 1596 1343 1658 nostis

0 1677 5 1702 ³
134 1705 250 1761 totam
280 1695 420 1760 romunt
479 1696 689 1781 Liuianae,
724 1698 953 1783 petulantibus,
982 1700 1128 1784 impuris,
1161 1698 1344 1782 impudicis,

136 1799 352 1885 aleatoribus,
366 1800 466 1864 ebriis
479 1803 611 1886 servire,
626 1821 665 1864 ea
684 1819 808 1864 summa
829 1803 959 1866 miseria
979 1811 1028 1866 est
1047 1821 1173 1866 summo
1190 1801 1345 1867 dedecore

138 1905 330 1978 coniuncta.
374 1905 471 1991 Qod
496 1905 524 1970 si
549 1905 743 1990 iam-quod
768 1905 802 1968 di
828 1925 926 1970 omen
949 1915 1098 1971 avertant
1108 1906 1261 1971 t-faturn
1290 1925 1345 1969 ex·
1361 1921 1389 1974 ¹5

137 2019 285 2074 tremum
311 2010 358 2071 rei
382 2009 528 2093 publicae
553 2010 657 2093 venit,
683 2009 766 2092 quod
791 2010 984 2094 gladiatores
1009 2011 1135 2075 nobiles
1160 2011 1285 2076 faciunt
1309 2019 1345 2074 ut

140 2115 282 2178 honeste
305 2112 511 2197 decumbant,
525 2113 681 2177 faciamus
703 2133 774 2198 nos,
797 2116 958 2200 principes
980 2115 1065 2178 orbis
1089 2124 1244 2179 terrarum
1267 2133 1345 2196 gen·

141 2220 292 2300 tiumque
314 2218 473 2301 omnium,
499 2226 535 2280 ut
560 2236 634 2305 cum
659 2217 820 2300 dignitate
846 2221 952 2303 potius
975 2218 1125 2284 cadamus
1150 2238 1245 2301 quam
1271 2233 1345 2282 cum

4 2309 7 2324 ’
88 2333 129 2380 ao
143 2322 330 2408 ignominia
358 2287 564 2410 serviamus.)
581 2346 584 2363 .
600 2321 699 2383 Nihil
734 2331 783 2386 est
811 2322 1032 2386 detestabilius
1064 2323 1233 2406 dedecore,
1263 2322 1345 2384 nihil

140 2425 271 2489 foedius
293 2425 459 2489 servitute.
508 2425 560 2488 Ad
584 2424 680 2489 decus
706 2434 739 2489 et
765 2427 806 2491 ad
831 2426 1014 2490 libertatem
1041 2429 1110 2490 nati
1134 2445 1261 2490 sumus:
1289 2435 1345 2490 aut
1360 2437 1393 2474 ²⁰

141 2530 225 2593 baec
239 2539 409 2593 teneamus
423 2539 479 2593 aut
493 2549 566 2593 cum
578 2529 738 2613 dignitate
754 2532 935 2595 moriamur.
969 2531 1123 2594 Nimium
1138 2529 1193 2592 diu
1208 2529 1346 2593 teximus

143 2633 221 2717 quid
243 2634 455 2697 sentiremus:
482 2635 655 2697 nunciam
678 2643 823 2719 apertum
845 2644 916 2716 est3
939 2655 1052 2699 omnes
1075 2633 1283 2720 patefaciunt,
1310 2635 1345 2697 in

143 2748 311 2821 utrarnque
341 2745 466 2822 partem
491 2736 570 2820 quid
598 2740 733 2823 sentiat,
760 2739 838 2821 quid
865 2739 956 2802 velit.
1008 2739 1089 2804 Sunt
1119 2739 1213 2823 impii
1243 2739 1344 2822 cives,

141 2842 200 2906 sed
224 2859 282 2926 pro
302 2843 438 2906 caritate
451 2841 499 2904 rei
523 2842 667 2927 publicae
686 2844 826 2906 nimium
848 2843 954 2928 multi,
968 2853 1082 2908 contra
1102 2841 1345 2906 multitudinem

178 3105 201 3154 g.
219 3091 294 3139 Erat.
326 3091 358 3140 So
379 3090 449 3138 Halm
468 3089 528 3138 from
545 3089 580 3138 his
598 3106 651 3139 own
668 3105 722 3138 con-
771 3100 795 3139 to
807 3106 837 3139 an
848 3091 1115 3154 aporosteseezrunpr,
1129 3094 1156 3150 §5
1169 3087 1226 3155 6¹9,
1237 3090 1294 3140 816.

140 3160 239 3220 lecture.
270 3156 335 3204 Most
347 3156 607 3205 stmomttrheveb.
639 3157 720 3214 Orelli,
806 3171 845 3220 23.
870 3158 945 3219 Quid
963 3158 1078 3213 sentiat,
1101 3158 1167 3218 quid
1189 3157 1269 3206 velit.
1314 3159 1344 3206 so

143 3222 265 3287 following
276 3230 324 3272 two
335 3221 409 3278 MSS„
420 3223 485 3270 reads
496 3228 502 3248 ¹
512 3223 584 3270 esset!
771 3223 812 3271 the
819 3223 917 3271 Vatican
926 3223 985 3279 MS..
997 3220 1118 3285 ‘quisque'
1131 3222 1200 3288 being
1211 3225 1346 3286 apparently

178 3303 203 3352 9.
219 3288 247 3336 Si
264 3287 505 3345 indormierimus,
522 3288 558 3336 ‘it'
570 3303 606 3336 ste
623 3289 656 3336 let
673 3287 719 3336 this
771 3289 911 3337 understood
938 3289 1000 3337 from
1027 3288 1068 3336 the
1095 3288 1214 3336 collective
1235 3290 1344 3338 ‘omnes'

143 3355 203 3403 time
213 3367 265 3415 pass
276 3354 309 3416 by
319 3354 344 3401 in
355 3354 430 3416 sleep!
770 3355 840 3401 Halm
850 3355 939 3402 follows
946 3355 987 3402 the
995 3354 1102 3416 ordinary
1109 3355 1205 3420 reading
1215 3357 1344 3412 ‘metant'

172 3420 371 3468 to.Crndelem
385 3421 599 3481 superbamque,
610 3417 719 3466 ‘marked
769 3421 870 3468 ‘selino'

143 3485 203 3534 vim
219 3485 308 3547 crnelty
324 3486 370 3533 and
386 3485 465 3547 pride:
481 3484 521 3532 the
543 3485 611 3533 latter
631 3484 720 3546 epithet
806 3498 843 3548 ²4·
860 3485 912 3534 Sed
923 3485 993 3549 really
1002 3499 1097 3547 opponet
1107 3489 1251 3536 admodum
1264 3491 1341 3549 pauci

144 3553 259 3614 probably
273 3551 382 3616 referring
396 3559 422 3598 to
437 3551 478 3598 the
493 3552 558 3614 reign
571 3553 600 3598 of
608 3550 721 3612 Tarquin‚
770 3561 796 3599 to
805 3561 865 3600 sunt
875 3553 954 3614 impii
964 3554 1050 3608 cives3
1062 3566 1103 3612 pro
1113 3555 1227 3601 caritate
1238 3555 1345 3615 reipub·

144 3617 191 3678 (see
202 3618 285 3672 above,
296 3631 316 3666 c.
328 3630 352 3679 4,
363 3615 397 3680 9,)
406 3616 447 3665 the
458 3617 543 3664 fonner
554 3625 580 3663 to
592 3615 632 3664 the
643 3626 721 3679 tyran·
772 3618 842 3666 llcae
860 3618 974 3666 nimium
995 3618 1072 3667 multi
1087 3617 1157 3682 being
1172 3617 1345 3679 parenthetical.

143 3684 193 3731 niet
210 3685 240 3730 of
252 3683 335 3739 Cinna,
351 3682 419 3738 Sulla,
432 3683 478 3730 and
493 3682 586 3737 Caesar,
597 3695 633 3743 cp.
647 3695 668 3731 a.
680 3695 720 3745 4²·
773 3683 889 3745 'Disloyal
898 3683 994 3731 citizens
1001 3685 1068 3738 exist,
1076 3683 1185 3740 itistrue‚
1196 3685 1245 3739 bot.
1253 3684 1344 3750 though

147 3747 202 3796 108.
236 3749 275 3796 To
286 3748 373 3796 submit
385 3757 411 3796 to
421 3748 477 3796 such
488 3748 537 3796 rule
554 3747 635 3795 atthis
646 3762 720 3795 wasa
771 3763 836 3796 more
852 3748 910 3796 than
926 3749 950 3796 in
967 3748 1029 3796 one's
1044 3749 1097 3796 love
1114 3749 1149 3796 for
1166 3749 1207 3797 the
1222 3759 1282 3797 state
1299 3765 1344 3800 oue

144 3815 195 3879 sign
206 3815 236 3862 os
242 3813 369 3872 weaknus,
383 3814 426 3862 but
436 3813 455 3863 it
466 3814 505 3862 did
516 3823 558 3860 not
573 3813 665 3860 involve
676 3813 720 3861 dis-
771 3814 847 3862 would
862 3815 942 3869 desire,
957 3823 998 3875 yet
1013 3814 1069 3876 they
1080 3829 1119 3862 are
1136 3815 1177 3862 bnt
1196 3817 1240 3864 few
1254 3817 1344 3881 against

143 3895 213 3944 grace
225 3881 270 3927 and
281 3880 377 3942 iniamy.
771 3878 811 3926 the
822 3879 944 3927 multitude
955 3880 985 3928 ol
991 3879 1165 3929 well-affected·
1199 3881 1268 3929 Halm
1280 3899 1345 3931 oom-

181 3944 218 3994 16.
243 3946 281 3994 Ut
314 3945 433 3994 honeste
461 3945 642 3993 decumbant.
677 3944 720 4006 Cp.
770 3959 834 4006 parer
853 3959 895 4006 pro
911 3944 1025 4010 aaa,
1044 3957 1089 4008 105
1108 3947 1249 3996 ‘Graveret
1265 3950 1344 4014 magni

144 4011 216 4060 Tuae.
231 4023 253 4060 a.
273 4019 311 4074 17,
329 4025 360 4074 41
378 4011 453 4072 ‘Qis
469 4011 590 4059 mediocris
607 4009 720 4074 gladiator
770 4009 874 4058 homines
886 4011 1042 4067 habebanturr
1061 4013 1099 4060 sed
1111 4014 1218 4062 valebant
1229 4013 1253 4060 in
1264 4023 1344 4062 amatu

144 4077 276 4156 ingemuit?
303 4077 353 4140 quis
375 4092 423 4125 non
450 4077 522 4124 modo
546 4077 618 4132 stetit,
640 4091 719 4124 verum
770 4075 876 4131 multum,
888 4077 948 4138 apud
964 4079 1038 4126 bonos
1049 4078 1109 4126 viror
1124 4079 1256 4140 plurimum.
1267 4080 1345 4127 multi·

144 4153 216 4191 mum
227 4143 336 4192 decnbnit
347 4142 468 4204 turpiterl'
770 4141 842 4188 tudini
853 4141 945 4190 incundi
956 4157 1004 4190 non
1012 4143 1098 4199 erantr'
1115 4151 1177 4206 ‘yet,
1187 4143 1274 4204 despite
1286 4144 1346 4192 their

181 4217 219 4271 17.
238 4210 379 4259 Faciamus
395 4220 432 4264 ut.
443 4207 496 4264 dcc..
508 4208 554 4256 ‘let
564 4223 590 4255 us
601 4205 658 4255 talre
668 4221 720 4256 care
770 4207 881 4256 induenoe
899 4209 923 4256 in
939 4207 979 4256 the
996 4217 1081 4264 sante,
1098 4211 1144 4257 and
1161 4208 1218 4257 with
1237 4208 1265 4255 all
1281 4209 1344 4274 good

144 4275 221 4323 totali
232 4275 318 4324 vithdi
352 4276 386 4338 'ty
394 4273 534 4323 rathesthan
544 4274 667 4322 submitto
680 4273 720 4321 the
770 4287 831 4328 men.
843 4275 899 4338 they
909 4289 969 4323 were
985 4275 1182 4336 unpopularwltb
1199 4273 1344 4324 thecrosnd.⁸

144 4341 247 4406 disgnoe
267 4341 295 4388 oi
341 4340 412 4404 very!
446 4341 492 4388 For
508 4339 555 4388 this
572 4338 720 4401 penphrartic
769 4339 848 4395 Orelli,
876 4341 995 4402 following
1022 4340 1063 4386 the
1087 4340 1145 4387 later
1172 4339 1245 4398 MSS,
1274 4342 1345 4390 omits

145 4421 184 4454 nse
196 4407 225 4454 ol
238 4407 325 4454 ‘heere
336 4407 376 4462 ut‚'
394 4415 420 4452 to
431 4405 475 4452 add
486 4404 566 4467 length
577 4405 622 4450 and
634 4402 721 4464 seight
770 4399 838 4451 ‘sed'
