2868 4700
100 251 255 308 §tw-88·
425 239 596 299 ORATIO
625 239 901 302 PHILIPPICA
928 243 978 301 II.
1263 254 1304 323 53

99 397 190 460 turbo
230 399 288 463 te?
326 418 391 462 non
429 401 520 464 enim
556 400 690 464 fortasse
722 401 803 466 satis
835 421 914 484 quae
945 401 1122 497 diiqngtius
1155 399 1305 465 dicuntur
1341 385 1347 408 '

100 501 268 585 intelligis.
304 501 365 567 Sed
378 511 490 566 tamen
498 503 576 568 haec
585 524 711 568 summa
725 515 775 568 est
787 505 1005 569 conclusionis
1021 523 1130 567 meae:
1149 505 1305 586 quoniam

97 604 218 668 soelere
236 625 257 669 a
276 617 310 668 te
332 606 459 671 liberati
478 617 564 691 sunt,
586 608 625 671 ab
648 608 762 674 eodem
779 609 991 692 amplissimis
1011 609 1164 692 praemiis
1182 607 1305 692 dignis-

96 709 199 772 simos
223 708 393 774 iudicatos.
438 709 548 794 ltaque
571 711 638 774 iam
663 721 772 775 retexo
793 714 975 776 orationem
998 731 1116 775 meam.
1160 711 1303 774 Scribam

96 813 136 874 ad
161 813 237 876 illos
264 823 312 897 ut,
334 815 364 877 si
386 815 441 896 qui
464 815 545 878 forte
566 815 650 898 quod
673 835 693 878 a
718 825 750 878 te
777 816 858 878 mihi
884 817 1048 879 obiectum
1075 826 1125 879 est
1151 825 1332 898 quaerents

96 918 183 980 sitne
207 936 332 1001 verum,
355 938 396 980 ne
419 920 472 981 cui
494 929 623 1002 negent.
667 917 799 982 Etenim
821 939 931 983 vereor
955 939 996 981 ne
1018 929 1074 982 aut
1093 919 1233 982 celatum
1253 938 1305 982 me

1 1038 2 1049 ¹
97 1019 163 1084 illis
182 1021 266 1104 ipsis
285 1040 352 1084 non
372 1021 554 1105 honestum,
574 1030 629 1085 aut
650 1023 826 1086 invitatum
848 1023 1000 1108 refugisse
1022 1023 1102 1086 mihi
1124 1024 1168 1086 sit
1189 1024 1306 1105 turpis-

96 1125 228 1187 simum.
274 1124 368 1212 Qae
383 1125 474 1188 enirn
488 1145 538 1188 res
556 1145 719 1210 umquam,
734 1145 791 1210 pro
811 1136 922 1191 sancte
938 1126 1099 1211 Iuppiter!
1123 1143 1189 1189 non
1210 1125 1305 1188 modo

96 1229 132 1289 in
146 1227 208 1292 hac
223 1227 313 1311 urbe,
323 1227 378 1292 sed
395 1229 431 1290 in
446 1229 595 1293 omnibus
605 1230 699 1293 terris
711 1239 761 1293 est
772 1239 863 1314 gesta
873 1232 999 1295 maior?
1017 1249 1097 1312 quae
1112 1230 1305 1314 gloriosior?

94 1351 177 1415 quae
200 1331 460 1416 commendatior
480 1332 648 1396 hominum
670 1334 844 1396 memoriae
867 1334 1105 1416 sempiternae?
1150 1331 1189 1396 ln
1212 1333 1304 1396 huius
1320 1356 1349 1391 ιο

95 1453 149 1498 me
179 1443 216 1498 tu
246 1435 377 1500 consilii
405 1438 594 1500 societatem
621 1446 785 1519 tamquam
815 1439 851 1500 in
881 1455 997 1519 equum
1024 1436 1205 1499 Troianum
1231 1455 1304 1499 cum

41 1555 79 1604 aa
93 1540 298 1622 principibus
328 1539 490 1603 includis?
539 1540 621 1602 Non
646 1559 777 1623 recuso,
809 1558 871 1624 ago
896 1541 998 1602 etiam
1021 1540 1153 1623 gratias,
1179 1557 1304 1622 quoquo

92 1643 209 1704 animo
231 1641 322 1707 sacis.
366 1642 476 1707 Tanta
498 1644 587 1706 enirn
607 1663 657 1706 res
684 1654 745 1727 est,
768 1651 805 1706 ut
830 1643 989 1708 invidiam
1014 1645 1122 1727 istam,
1146 1662 1241 1726 quam
1268 1652 1303 1706 tu

93 1747 133 1807 in
164 1765 218 1808 me
247 1747 298 1809 vis
328 1748 503 1830 concitare,
527 1767 603 1810 curn
629 1746 720 1810 laude
751 1767 818 1810 non
847 1767 1040 1832 comparem.
1096 1747 1185 1834 Qid
1213 1749 1303 1810 enirn

94 1849 224 1912 beatius
241 1848 317 1932 illis,
332 1868 412 1933 quos
426 1858 462 1912 tu
477 1851 623 1934 expulsos
638 1860 706 1914 ate
721 1851 885 1934 praedicas
901 1861 933 1914 et
948 1851 1126 1936 relegatos?
1143 1853 1198 1934 qui
1215 1850 1303 1914 locus
1318 1867 1346 1917 ¹⁵

93 1961 147 2016 ese
163 1961 219 2016 aut
233 1961 301 2016 tam
316 1952 459 2016 desertus
474 1963 529 2016 aut
544 1964 613 2017 tam
627 1954 831 2039 inhumanus,
839 1957 894 2038 qui
912 1955 995 2039 illos,
1007 1975 1081 2019 cum
1096 1956 1302 2037 accesserint,

95 2075 167 2118 non
191 2055 281 2118 affari
306 2065 401 2139 atque
423 2066 572 2141 appetere
599 2057 768 2121 videatur?
801 2061 856 2142 qui
881 2059 1030 2122 homines
1055 2067 1124 2122 tam
1150 2067 1302 2143 agrestes,

92 2160 153 2241 qui
170 2178 216 2242 se,
231 2178 304 2222 cum
326 2179 381 2222 eos
401 2159 616 2244 adspexerint,
632 2179 697 2223 non
719 2163 895 2225 maximum
916 2164 1039 2246 cepisse
1054 2164 1143 2226 vitae
1164 2161 1302 2226 fructum

96 2263 239 2356 putent?
264 2282 344 2346 quae
366 2282 444 2328 vero
465 2272 534 2328 tam
557 2265 727 2328 immemor
749 2267 932 2350 posteritas,
954 2285 1035 2349 quae
1062 2275 1130 2330 tam
1157 2268 1301 2349 ingratae

141 2482 165 2518 1.
188 2471 362 2522 Diinnctins.
395 2471 425 2520 So
454 2472 523 2520 Halm
551 2473 610 2520 irorn
634 2472 675 2520 the
725 2475 878 2538 exaggerated
889 2477 921 2537 by
932 2474 972 2522 the
983 2473 1136 2523 cautiousness
1148 2473 1176 2520 οἰ
1184 2488 1234 2537 age.

95 2536 197 2583 Vatican
216 2537 266 2585 MS.
284 2537 368 2585 Seeon
385 2539 489 2600 c.7,18.
524 2537 672 2586 OtherMSS.
758 2551 797 2588 ιο.
813 2541 1049 2595 commendatior.
1072 2539 1224 2586 ‘commenda
1241 2539 1304 2588 itselr'

94 2603 159 2648 have
170 2601 325 2658 ‘distinctius'
342 2602 417 2650 which
434 2605 452 2651 is
469 2604 511 2650 less
529 2605 673 2666 appropriate
723 2614 826 2652 moreto
838 2606 877 2653 the
889 2606 1029 2654 recollection
1046 2605 1075 2652 οἰ
1091 2605 1203 2652 mankind
1223 2605 1257 2652 lor
1268 2606 1298 2653 all

96 2667 333 2715 thanthetechnieal
341 2668 413 2717 word.
722 2673 794 2733 ages!
827 2671 870 2731 Cp.
898 2672 963 2719 Fam.
994 2683 1032 2720 ra.
1056 2667 1087 2718 26
1104 2671 1209 2718 ‘Ceteris
1231 2671 1300 2720 rebus

130 2746 156 2794 3.
173 2734 215 2780 Ab
232 2733 340 2781 eodem.
373 2734 442 2782 Some
457 2733 522 2782 MSS.
536 2735 606 2782 insert
620 2733 673 2791 ‘te‚'
723 2736 808 2783 habeas
820 2751 858 2783 eos
870 2752 884 2783 a
895 2751 933 2785 me
944 2735 1196 2784 commendatissima!
1213 2737 1300 2784 ‘Com-

93 2798 173 2845 vhich
185 2799 204 2844 is
221 2799 284 2859 quite
303 2799 326 2846 in
346 2799 482 2847 aoeordance
500 2800 557 2847 with
575 2799 673 2848 Citero's
724 2801 874 2856 mendabilis,'
885 2801 973 2850 besides
980 2801 1072 2866 slightly
1079 2801 1182 2864 differing
1190 2802 1212 2848 in
1220 2817 1299 2850 mean·

93 2878 208 2912 marmer:
224 2878 261 2924 cp.
277 2879 319 2925 pro
335 2865 392 2914 Sest.
408 2874 506 2929 50.107
525 2865 627 2912 ‘tlabnit
644 2867 673 2913 de
723 2867 763 2930 ing
775 2867 791 2928 (⁸
799 2868 892 2927 capable
910 2867 939 2914 οἰ
952 2867 1114 2930 commending
1131 2867 1205 2914 itseli'
1225 2867 1299 2915 rather

92 2931 179 2977 eodem
197 2943 235 2976 me
251 2930 275 2976 Ρ.
293 2929 403 2977 Lentulus
421 2932 499 2978 consul
517 2932 650 2978 contionem
658 2931 673 2986 ;’
722 2932 780 2979 than
791 2932 891 2994 actually
903 2931 974 2996 doing
985 2933 1031 2993 so),
1043 2933 1063 2979 is
1080 2941 1121 2979 not
1133 2933 1205 2979 found
1219 2933 1298 2980 earlier

92 2997 127 3044 ib.
147 3005 186 3055 51.
210 3007 256 3058 ¹⁰9
276 2995 326 3042 'De
346 3009 384 3042 me
403 2997 485 3043 eodem
503 2996 602 3044 comitiis
621 3011 673 3044 cen·
724 2997 780 3044 than
792 2998 859 3059 Livy.

93 3059 333 3108 tnriatisiuebatur!
368 3060 436 3108 llalm
455 3062 525 3109 omits
542 3063 561 3109 it
581 3077 612 3108 on
631 3061 671 3109 the
757 3075 794 3111 11.
818 3065 847 3110 ln
875 3077 974 3124 equum
1011 3063 1172 3110 Troianum.
1204 3063 1247 3124 Cp.
1269 3064 1298 3111 de

93 3125 218 3186 authority
229 3125 305 3173 nithe
317 3124 415 3174 Vatiean
427 3127 478 3174 MS.
723 3127 789 3176 Orat.
808 3141 829 3178 a.
852 3137 890 3190 ²⁷·
912 3143 945 3192 94
968 3130 1101 3184 ‘Isocrates¹
1125 3130 1188 3176 euius
1208 3145 1220 3176 e
1243 3129 1298 3177 ludo

132 3206 156 3252 4.
174 3191 293 3246 Retexo,
313 3192 339 3238 'l
357 3191 458 3240 remodel
479 3207 520 3254 my
541 3191 624 3253 speech
641 3207 672 3240 on
722 3201 841 3255 tamquam
858 3209 887 3243 ex
906 3209 967 3255 equo
986 3194 1090 3242 Troiano
1108 3195 1164 3241 meri
1185 3195 1297 3255 principer

92 3257 136 3306 the
152 3255 288 3318 hypothesis
301 3256 354 3304 that
370 3258 438 3304 laras
454 3257 580 3320 cognitant
597 3259 625 3304 oi
633 3257 672 3305 the
721 3259 839 3308 exierunt!

92 3323 198 3369 matter!
231 3321 671 3378 Cicerohasshownec.11,ra,that
757 3336 795 3385 13.
813 3324 951 3373 Invidiam
976 3325 1069 3380 istam.
1089 3324 1236 3372 'leomider
1256 3324 1296 3372 the

92 3389 211 3449 Antony's
239 3397 371 3452 arguments
393 3403 454 3436 arere
481 3387 617 3436 insufficient
644 3399 670 3437 to
721 3388 769 3436 risk
780 3391 809 3437 ol
816 3391 857 3438 the
868 3391 948 3438 odium
958 3391 1038 3439 which
1050 3406 1097 3452 yon
1109 3391 1166 3438 erish
1184 3399 1209 3438 to
1221 3391 1296 3439 excite

91 3467 167 3515 prove
183 3453 219 3499 his
235 3453 381 3516 eomplieity;
397 3453 427 3501 he
444 3468 498 3502 noar
509 3455 608 3502 declares
619 3453 670 3501 that
720 3455 809 3518 against
828 3471 874 3512 me,
886 3472 911 3504 as
922 3457 1022 3522 nothing
1032 3457 1056 3503 in
1073 3457 1218 3518 comparison
1236 3456 1294 3503 with

92 3519 135 3566 the
153 3517 246 3582 charge,
265 3517 285 3565 ir
303 3519 389 3580 proved
409 3519 498 3583 against
517 3518 575 3576 him,
592 3520 610 3567 is
628 3519 674 3567 bnt·
719 3519 760 3567 the
775 3521 861 3569 ehanee
877 3521 905 3568 of
922 3523 961 3570 the
976 3523 1048 3584 praise
1063 3522 1138 3570 whidr
1154 3535 1209 3584 may
1226 3523 1297 3570 avait

92 3583 183 3632 further
191 3583 319 3647 testimony
329 3593 355 3631 to
367 3583 402 3632 his
412 3583 549 3646 patriotism.
720 3588 773 3634 ιιιε.ι
807 3587 851 3648 Cp.
868 3589 932 3635 Fam.
947 3601 983 3636 ra.
1003 3599 1024 3643 a,
1039 3599 1049 3634 1
1063 3587 1171 3636 'Nullam
1185 3587 1253 3634 aliam
1264 3589 1296 3634 ob

128 3660 151 3709 5.
169 3649 206 3696 Ut
220 3683 226 3696 .
238 3683 244 3696 .
257 3685 263 3697 .
275 3664 315 3698 ne.
337 3649 392 3710 Cp.
410 3649 474 3698 Fam.
491 3662 550 3712 41,
567 3664 580 3698 a
598 3649 671 3698 ‘Tre-
719 3665 810 3700 eausam
830 3667 868 3701 me
885 3663 1004 3702 auctorem
1026 3653 1093 3700 fuisse
1111 3653 1213 3700 Caesaris
1228 3653 1298 3701 inter·

91 3715 158 3762 batio
175 3715 291 3770 mandavi.
302 3724 336 3771 ιιι,
349 3715 367 3762 si
382 3715 438 3776 quid
454 3725 478 3762 tu
492 3731 545 3763 eum
556 3716 624 3763 velles
640 3717 670 3763 ad
719 3716 809 3764 liciendi
824 3719 966 3774 criminatur.
985 3718 1028 3766 nisi
1047 3727 1073 3766 ut
1092 3719 1115 3766 in
1135 3733 1173 3766 me
1195 3719 1296 3767 veterani

92 3795 131 3826 me
142 3779 243 3834 mittere,
255 3795 284 3827 ne
301 3791 412 3828 recusaret
422 3782 436 3838 ς’
449 3780 498 3828 'ut'
515 3781 538 3828 in
552 3780 608 3828 each
620 3797 670 3830 case
719 3781 857 3832 incitentur!

93 3845 227 3908 expresaing
246 3844 287 3893 the
304 3841 395 3910 gener'al
413 3845 466 3893 final
485 3855 567 3894 nature
585 3847 614 3894 ol
630 3847 671 3895 the
756 3859 794 3909 15.
812 3849 949 3911 Expulsos
983 3859 1011 3898 et
1050 3849 1200 3914 relegatos.
1241 3849 1294 3898 The

93 3911 243 3966 elause,‘ne'
257 3913 373 3976 resuming
390 3913 408 3960 it
426 3911 482 3959 with
499 3911 540 3959 the
555 3927 584 3960 ne
616 3913 670 3970 tite,
720 3914 881 3962 formeristhe
893 3915 983 3979 general
992 3914 1057 3962 word
1065 3915 1295 3980 expressing‘driven

93 3978 153 4023 aiter
165 3991 178 4022 a
189 3976 337 4037 parenthesis.
371 3977 413 4025 See
424 3977 513 4032 Madv..
525 3981 537 4035 5
550 3928 614 4039 45ξῖΙ
721 3979 771 4026 into
788 3980 861 4035 exile:
873 3981 912 4029 the
924 3982 992 4029 latter
1003 3981 1043 4028 the
1055 3981 1167 4028 technieal
1184 3993 1242 4030 term
1259 3982 1297 4029 ior

127 4038 152 4090 ⁶.
170 4041 298 4090 Celatum
317 4057 367 4098 me,
396 4049 456 4106 ‘my
476 4042 544 4106 being
568 4043 624 4105 kept
647 4044 671 4092 in
721 4045 838 4092 exclusion
850 4045 909 4093 from
921 4047 1007 4101 Rome,
1018 4046 1117 4094 without
1133 4047 1178 4096 loss
1195 4047 1224 4094 os
1237 4047 1296 4094 eivie

95 4105 236 4170 ignorance!
264 4108 308 4168 Cp.
317 4109 346 4155 de
358 4108 414 4172 Leg.
422 4110 477 4186 Agr.
487 4121 508 4156 a.
521 4119 544 4170 5.
555 4121 581 4156 ιι
596 4109 670 4157 ‘Cum
721 4111 802 4174 rights.
819 4111 862 4172 Cp.
874 4112 919 4160 Ov.
931 4110 1002 4160 Trist.
1016 4123 1038 4160 a.
1052 4123 1098 4174 135

93 4187 131 4220 roe
150 4173 174 4220 in
197 4187 278 4220 eorum
296 4187 426 4222 sennonem
448 4175 594 4230 msinuarem,
613 4177 672 4223 cela·
755 4176 837 4224 ‘Adde
859 4177 920 4238 quod
940 4179 1040 4224 edictum
1063 4177 1168 4238 quamvis
1193 4176 1295 4224 immane

93 4239 142 4293 bar,
155 4238 307 4286 excludebat.¹
351 4239 466 4295 Plutarch.
483 4241 546 4288 Brut.
561 4252 599 4296 ra,
619 4256 671 4304 says
853 4242 984 4303 minaxque,

92 4304 146 4351 that
165 4303 248 4352 Cieeso
265 4319 312 4352 was
328 4313 369 4352 not
386 4305 498 4354 irrt'onned
516 4305 544 4352 of
561 4305 601 4353 the
617 4321 671 4354 con·
804 4309 914 4354 Attamen
926 4309 949 4353 in
960 4323 1048 4366 poenae
1060 4307 1153 4352 nomine
1164 4305 1215 4352 lere
1228 4305 1278 4353 luit.

92 4370 182 4430 spiraey
203 4368 263 4416 from
280 4372 328 4418 lear
344 4371 373 4417 oi
395 4369 430 4417 hia
455 4371 542 4418 natural
561 4371 670 4431 timidity.
770 4371 862 4430 Qrippe
871 4371 989 4432 relegatus,
998 4383 1045 4415 non
1056 4369 1119 4415 exsul
1131 4368 1194 4414 dicor
1205 4369 1229 4413 in
1241 4368 1295 4416 illo.¹

1266 4626 1339 4638 ‘—
