<?xml version="1.0" encoding="UTF-8"?>
<!DOCTYPE html PUBLIC "-//W3C//DTD XHTML 1.0 Transitional//EN"
    "http://www.w3.org/TR/xhtml1/DTD/xhtml1-transitional.dtd">
<html xmlns="http://www.w3.org/1999/xhtml" xml:lang="en" lang="en">
 <head>
  <title>
</title>
<meta http-equiv="Content-Type" content="text/html;charset=utf-8" />
  <meta name='ocr-system' content='tesseract 3.04.00' />
  <meta name='ocr-capabilities' content='ocr_page ocr_carea ocr_par ocr_line ocrx_word'/>
</head>
<body>
  <div class='ocr_page' id='page_1' title='image "./philippicoratio02cicegoog_0327.png"; bbox 0 0 2996 4694; ppageno 0'>
   <div class='ocr_carea' id='block_1_1' title="bbox 160 251 1365 348">
    <p class='ocr_par' dir='ltr' id='par_1_1' title="bbox 160 251 1365 348">
     <span class='ocr_line' id='line_1_1' title="bbox 160 251 1365 348; baseline -0.017 -21"><span class='ocrx_word' id='word_1_1' title='bbox 160 279 225 348; x_wconf 76' lang='lat'>312</span> <span class='ocrx_word' id='word_1_2' title='bbox 499 259 550 320; x_wconf 84' lang='lat' dir='ltr'>M.</span> <span class='ocrx_word' id='word_1_3' title='bbox 579 257 742 319; x_wconf 83' lang='lat' dir='ltr'><em>TULLII</em></span> <span class='ocrx_word' id='word_1_4' title='bbox 769 251 1023 319; x_wconf 86' lang='lat' dir='ltr'><em>CICERONIS</em></span> <span class='ocrx_word' id='word_1_5' title='bbox 1180 281 1224 322; x_wconf 65' lang='grc' dir='ltr'>ω,</span> <span class='ocrx_word' id='word_1_6' title='bbox 1237 267 1365 321; x_wconf 60' lang='lat'>1940,</span> 
     </span>
    </p>
   </div>
   <div class='ocr_carea' id='block_1_2' title="bbox 116 411 1422 2576">
    <p class='ocr_par' dir='ltr' id='par_1_2' title="bbox 116 411 1422 2576">
     <span class='ocr_line' id='line_1_2' title="bbox 161 411 1367 503; baseline -0.009 -19"><span class='ocrx_word' id='word_1_7' title='bbox 161 421 343 503; x_wconf 83' lang='lat' dir='ltr'>reliquisti?</span> <span class='ocrx_word' id='word_1_8' title='bbox 385 418 449 484; x_wconf 89' lang='lat' dir='ltr'>Sed</span> <span class='ocrx_word' id='word_1_9' title='bbox 468 421 535 482; x_wconf 90' lang='lat' dir='ltr'>iam</span> <span class='ocrx_word' id='word_1_10' title='bbox 554 417 662 482; x_wconf 89' lang='lat' dir='ltr'>videte</span> <span class='ocrx_word' id='word_1_11' title='bbox 686 418 795 500; x_wconf 89' lang='lat' dir='ltr'>magni</span> <span class='ocrx_word' id='word_1_12' title='bbox 818 424 851 479; x_wconf 90' lang='lat' dir='ltr'>et</span> <span class='ocrx_word' id='word_1_13' title='bbox 870 415 947 480; x_wconf 85' lang='lat' dir='ltr'>clari</span> <span class='ocrx_word' id='word_1_14' title='bbox 965 415 1028 477; x_wconf 89' lang='lat' dir='ltr'>viri</span> <span class='ocrx_word' id='word_1_15' title='bbox 1050 411 1273 476; x_wconf 80' lang='lat' dir='ltr'>admirabilem</span> <span class='ocrx_word' id='word_1_16' title='bbox 1295 427 1367 492; x_wconf 84' lang='lat' dir='ltr'>gra·</span> 
     </span>
     <span class='ocr_line' id='line_1_3' title="bbox 159 518 1416 606; baseline -0.013 -18"><span class='ocrx_word' id='word_1_17' title='bbox 159 527 298 588; x_wconf 88' lang='lat' dir='ltr'>vitatem</span> <span class='ocrx_word' id='word_1_18' title='bbox 316 532 410 606; x_wconf 88' lang='lat' dir='ltr'>atque</span> <span class='ocrx_word' id='word_1_19' title='bbox 428 523 657 586; x_wconf 76' lang='lat' dir='ltr'>constantiam.</span> <span class='ocrx_word' id='word_1_20' title='bbox 690 520 790 584; x_wconf 92' lang='lat' dir='ltr'>Mihi</span> <span class='ocrx_word' id='word_1_21' title='bbox 809 518 959 603; x_wconf 92' lang='lat' dir='ltr'>quidem</span> <span class='ocrx_word' id='word_1_22' title='bbox 982 525 1134 582; x_wconf 89' lang='lat' dir='ltr'>constat</span> <span class='ocrx_word' id='word_1_23' title='bbox 1157 534 1225 578; x_wconf 90' lang='lat' dir='ltr'>nec</span> <span class='ocrx_word' id='word_1_24' title='bbox 1245 525 1416 578; x_wconf 75' lang='lat' dir='ltr'>meamea</span> 
     </span>
     <span class='ocr_line' id='line_1_4' title="bbox 160 620 1367 708; baseline -0.012 -16"><span class='ocrx_word' id='word_1_25' title='bbox 160 628 429 692; x_wconf 87' lang='lat' dir='ltr'>contumeliam</span> <span class='ocrx_word' id='word_1_26' title='bbox 466 645 533 690; x_wconf 94' lang='lat' dir='ltr'>nec</span> <span class='ocrx_word' id='word_1_27' title='bbox 564 643 728 689; x_wconf 90' lang='lat' dir='ltr'>meorum</span> <span class='ocrx_word' id='word_1_28' title='bbox 765 624 877 708; x_wconf 85' lang='lat' dir='ltr'>ferre,</span> <span class='ocrx_word' id='word_1_29' title='bbox 912 641 981 686; x_wconf 92' lang='lat' dir='ltr'>nec</span> <span class='ocrx_word' id='word_1_30' title='bbox 1017 620 1189 684; x_wconf 88' lang='lat' dir='ltr'>deserere</span> <span class='ocrx_word' id='word_1_31' title='bbox 1226 625 1367 701; x_wconf 88' lang='lat' dir='ltr'>partes,</span> 
     </span>
     <span class='ocr_line' id='line_1_5' title="bbox 159 723 1368 815; baseline -0.012 -19"><span class='ocrx_word' id='word_1_32' title='bbox 159 751 250 815; x_wconf 90' lang='lat' dir='ltr'>quas</span> <span class='ocrx_word' id='word_1_33' title='bbox 280 730 477 815; x_wconf 89' lang='lat' dir='ltr'>Pompeius</span> <span class='ocrx_word' id='word_1_34' title='bbox 506 729 643 812; x_wconf 83' lang='lat' dir='ltr'>odivit,</span> <span class='ocrx_word' id='word_1_35' title='bbox 667 747 737 791; x_wconf 91' lang='lat' dir='ltr'>nec</span> <span class='ocrx_word' id='word_1_36' title='bbox 766 736 965 790; x_wconf 88' lang='lat' dir='ltr'>veteranos</span> <span class='ocrx_word' id='word_1_37' title='bbox 994 724 1146 788; x_wconf 91' lang='lat' dir='ltr'>sedibus</span> <span class='ocrx_word' id='word_1_38' title='bbox 1175 723 1254 785; x_wconf 90' lang='lat' dir='ltr'>suis</span> <span class='ocrx_word' id='word_1_39' title='bbox 1292 737 1368 782; x_wconf 92' lang='lat' dir='ltr'>mo-</span> 
     </span>
     <span class='ocr_line' id='line_1_6' title="bbox 132 823 1366 918; baseline -0.012 -19"><span class='ocrx_word' id='word_1_40' title='bbox 132 837 239 899; x_wconf 79' lang='lat' dir='ltr'>sveri</span> <span class='ocrx_word' id='word_1_41' title='bbox 271 836 348 918; x_wconf 89' lang='lat' dir='ltr'>pati</span> <span class='ocrx_word' id='word_1_42' title='bbox 386 853 456 896; x_wconf 91' lang='lat' dir='ltr'>nec</span> <span class='ocrx_word' id='word_1_43' title='bbox 483 832 653 917; x_wconf 89' lang='lat' dir='ltr'>singulos</span> <span class='ocrx_word' id='word_1_44' title='bbox 683 830 726 895; x_wconf 90' lang='lat' dir='ltr'>ad</span> <span class='ocrx_word' id='word_1_45' title='bbox 756 831 964 895; x_wconf 89' lang='lat' dir='ltr'>cruciatum</span> <span class='ocrx_word' id='word_1_46' title='bbox 993 827 1105 912; x_wconf 90' lang='lat' dir='ltr'>trahi,</span> <span class='ocrx_word' id='word_1_47' title='bbox 1134 846 1203 890; x_wconf 93' lang='lat' dir='ltr'>nec</span> <span class='ocrx_word' id='word_1_48' title='bbox 1232 823 1366 887; x_wconf 84' lang='lat' dir='ltr'>fallere</span> 
     </span>
     <span class='ocr_line' id='line_1_7' title="bbox 159 927 1367 1022; baseline -0.011 -20"><span class='ocrx_word' id='word_1_49' title='bbox 159 938 288 1022; x_wconf 91' lang='lat' dir='ltr'>fidem,</span> <span class='ocrx_word' id='word_1_50' title='bbox 316 954 424 1019; x_wconf 90' lang='lat' dir='ltr'>quam</span> <span class='ocrx_word' id='word_1_51' title='bbox 450 935 535 999; x_wconf 90' lang='lat' dir='ltr'>dedi</span> <span class='ocrx_word' id='word_1_52' title='bbox 561 934 794 1000; x_wconf 86' lang='lat' dir='ltr'>Dolabellae.</span> <span class='ocrx_word' id='word_1_53' title='bbox 837 933 967 998; x_wconf 88' lang='lat' dir='ltr'>Omitto</span> <span class='ocrx_word' id='word_1_54' title='bbox 992 931 1075 996; x_wconf 89' lang='lat' dir='ltr'>alia:</span> <span class='ocrx_word' id='word_1_55' title='bbox 1109 929 1225 994; x_wconf 85' lang='lat' dir='ltr'>fidem</span> <span class='ocrx_word' id='word_1_56' title='bbox 1252 927 1367 991; x_wconf 88' lang='lat' dir='ltr'>Dola-</span> 
     </span>
     <span class='ocr_line' id='line_1_8' title="bbox 160 1030 1369 1125; baseline -0.01 -20"><span class='ocrx_word' id='word_1_57' title='bbox 160 1041 294 1125; x_wconf 85' lang='lat' dir='ltr'>bellae,</span> <span class='ocrx_word' id='word_1_58' title='bbox 316 1040 514 1103; x_wconf 84' lang='lat' dir='ltr'>sanctissimi</span> <span class='ocrx_word' id='word_1_59' title='bbox 535 1041 610 1123; x_wconf 87' lang='lat' dir='ltr'>viri,</span> <span class='ocrx_word' id='word_1_60' title='bbox 631 1038 774 1102; x_wconf 87' lang='lat' dir='ltr'>deserere</span> <span class='ocrx_word' id='word_1_61' title='bbox 796 1036 893 1101; x_wconf 93' lang='lat' dir='ltr'>homo</span> <span class='ocrx_word' id='word_1_62' title='bbox 915 1038 986 1120; x_wconf 92' lang='lat' dir='ltr'>pius</span> <span class='ocrx_word' id='word_1_63' title='bbox 1008 1055 1075 1099; x_wconf 91' lang='lat' dir='ltr'>non</span> <span class='ocrx_word' id='word_1_64' title='bbox 1096 1042 1211 1119; x_wconf 76' lang='lat' dir='ltr'>potest.</span> <span class='ocrx_word' id='word_1_65' title='bbox 1255 1030 1369 1108; x_wconf 86' lang='lat' dir='ltr'>Quam</span> 
     </span>
     <span class='ocr_line' id='line_1_9' title="bbox 159 1135 1367 1228; baseline -0.009 -21"><span class='ocrx_word' id='word_1_66' title='bbox 159 1143 276 1207; x_wconf 90' lang='lat' dir='ltr'>tidem?</span> <span class='ocrx_word' id='word_1_67' title='bbox 309 1163 351 1206; x_wconf 90' lang='lat' dir='ltr'>an</span> <span class='ocrx_word' id='word_1_68' title='bbox 377 1144 493 1228; x_wconf 90' lang='lat' dir='ltr'>optimi</span> <span class='ocrx_word' id='word_1_69' title='bbox 523 1145 674 1226; x_wconf 89' lang='lat' dir='ltr'>cuiusque</span> <span class='ocrx_word' id='word_1_70' title='bbox 704 1142 825 1225; x_wconf 87' lang='lat' dir='ltr'>caedis,</span> <span class='ocrx_word' id='word_1_71' title='bbox 850 1140 938 1204; x_wconf 91' lang='lat' dir='ltr'>urbis</span> <span class='ocrx_word' id='word_1_72' title='bbox 965 1149 998 1202; x_wconf 88' lang='lat' dir='ltr'>et</span> <span class='ocrx_word' id='word_1_73' title='bbox 1023 1137 1137 1202; x_wconf 87' lang='lat' dir='ltr'>Italiae</span> <span class='ocrx_word' id='word_1_74' title='bbox 1166 1135 1367 1220; x_wconf 84' lang='lat' dir='ltr'>partitionis,</span> 
     </span>
     <span class='ocr_line' id='line_1_10' title="bbox 159 1238 1369 1331; baseline -0.01 -21"><span class='ocrx_word' id='word_1_75' title='bbox 159 1246 385 1312; x_wconf 85' lang='lat' dir='ltr'>vastandarum</span> <span class='ocrx_word' id='word_1_76' title='bbox 414 1246 725 1331; x_wconf 84' lang='lat' dir='ltr'>diripiendarumque</span> <span class='ocrx_word' id='word_1_77' title='bbox 754 1243 1014 1330; x_wconf 89' lang='lat' dir='ltr'>provinciarum?</span> <span class='ocrx_word' id='word_1_78' title='bbox 1068 1242 1160 1306; x_wconf 88' lang='lat' dir='ltr'>Nam</span> <span class='ocrx_word' id='word_1_79' title='bbox 1186 1238 1262 1321; x_wconf 92' lang='lat' dir='ltr'>quid</span> <span class='ocrx_word' id='word_1_80' title='bbox 1295 1247 1369 1299; x_wconf 88' lang='lat' dir='ltr'>erat</span> 
     </span>
     <span class='ocr_line' id='line_1_11' title="bbox 116 1345 1368 1434; baseline -0.007 -20"><span class='ocrx_word' id='word_1_81' title='bbox 116 1375 148 1414; x_wconf 89' lang='lat' dir='ltr'>ro</span> <span class='ocrx_word' id='word_1_82' title='bbox 160 1351 258 1434; x_wconf 87' lang='lat' dir='ltr'>aliud,</span> <span class='ocrx_word' id='word_1_83' title='bbox 286 1349 370 1433; x_wconf 93' lang='lat' dir='ltr'>quod</span> <span class='ocrx_word' id='word_1_84' title='bbox 400 1353 486 1414; x_wconf 87' lang='lat' dir='ltr'>inter</span> <span class='ocrx_word' id='word_1_85' title='bbox 514 1350 696 1414; x_wconf 91' lang='lat' dir='ltr'>Antonium</span> <span class='ocrx_word' id='word_1_86' title='bbox 725 1358 759 1412; x_wconf 86' lang='lat' dir='ltr'>et</span> <span class='ocrx_word' id='word_1_87' title='bbox 787 1347 1001 1431; x_wconf 83' lang='lat' dir='ltr'>Dolabellam,</span> <span class='ocrx_word' id='word_1_88' title='bbox 1031 1345 1263 1429; x_wconf 86' lang='lat' dir='ltr'>impurissimos</span> <span class='ocrx_word' id='word_1_89' title='bbox 1294 1359 1368 1425; x_wconf 87' lang='lat' dir='ltr'>par·</span> 
     </span>
     <span class='ocr_line' id='line_1_12' title="bbox 160 1448 1422 1539; baseline -0.011 -20"><span class='ocrx_word' id='word_1_90' title='bbox 160 1455 290 1539; x_wconf 87' lang='lat' dir='ltr'>ricidas,</span> <span class='ocrx_word' id='word_1_91' title='bbox 320 1454 445 1519; x_wconf 86' lang='lat' dir='ltr'>foedere</span> <span class='ocrx_word' id='word_1_92' title='bbox 471 1463 505 1517; x_wconf 88' lang='lat' dir='ltr'>et</span> <span class='ocrx_word' id='word_1_93' title='bbox 531 1453 591 1516; x_wconf 88' lang='lat' dir='ltr'>fide</span> <span class='ocrx_word' id='word_1_94' title='bbox 618 1453 819 1516; x_wconf 85' lang='lat' dir='ltr'>sanciretur?</span> <span class='ocrx_word' id='word_1_95' title='bbox 863 1450 947 1514; x_wconf 92' lang='lat' dir='ltr'>Nec</span> <span class='ocrx_word' id='word_1_96' title='bbox 974 1448 1110 1534; x_wconf 88' lang='lat' dir='ltr'>Lepidi</span> <span class='ocrx_word' id='word_1_97' title='bbox 1139 1449 1422 1512; x_wconf 64' lang='lat' dir='ltr'>societatemn</span> 
     </span>
     <span class='ocr_line' id='line_1_13' title="bbox 160 1552 1369 1643; baseline -0.01 -21"><span class='ocrx_word' id='word_1_98' title='bbox 160 1560 317 1642; x_wconf 88' lang='lat' dir='ltr'>violare,</span> <span class='ocrx_word' id='word_1_99' title='bbox 348 1558 516 1643; x_wconf 90' lang='lat' dir='ltr'>piissimi</span> <span class='ocrx_word' id='word_1_100' title='bbox 546 1558 722 1621; x_wconf 90' lang='lat' dir='ltr'>hominis.</span> <span class='ocrx_word' id='word_1_101' title='bbox 775 1555 860 1620; x_wconf 92' lang='lat' dir='ltr'>Tibi</span> <span class='ocrx_word' id='word_1_102' title='bbox 885 1573 958 1618; x_wconf 90' lang='lat' dir='ltr'>cum</span> <span class='ocrx_word' id='word_1_103' title='bbox 988 1553 1111 1638; x_wconf 92' lang='lat' dir='ltr'>Lepido</span> <span class='ocrx_word' id='word_1_104' title='bbox 1145 1552 1282 1615; x_wconf 88' lang='lat' dir='ltr'>societas</span> <span class='ocrx_word' id='word_1_105' title='bbox 1308 1556 1369 1611; x_wconf 88' lang='lat' dir='ltr'>aut</span> 
     </span>
     <span class='ocr_line' id='line_1_14' title="bbox 161 1651 1368 1745; baseline -0.009 -19"><span class='ocrx_word' id='word_1_106' title='bbox 161 1683 236 1726; x_wconf 91' lang='lat' dir='ltr'>cum</span> <span class='ocrx_word' id='word_1_107' title='bbox 257 1661 333 1745; x_wconf 91' lang='lat' dir='ltr'>ullo,</span> <span class='ocrx_word' id='word_1_108' title='bbox 354 1682 421 1725; x_wconf 91' lang='lat' dir='ltr'>non</span> <span class='ocrx_word' id='word_1_109' title='bbox 441 1661 549 1724; x_wconf 89' lang='lat' dir='ltr'>dicam</span> <span class='ocrx_word' id='word_1_110' title='bbox 568 1661 655 1723; x_wconf 92' lang='lat' dir='ltr'>bono</span> <span class='ocrx_word' id='word_1_111' title='bbox 672 1660 751 1744; x_wconf 91' lang='lat' dir='ltr'>civi,</span> <span class='ocrx_word' id='word_1_112' title='bbox 770 1661 855 1722; x_wconf 91' lang='lat' dir='ltr'>sicut</span> <span class='ocrx_word' id='word_1_113' title='bbox 877 1658 931 1721; x_wconf 90' lang='lat' dir='ltr'>ille</span> <span class='ocrx_word' id='word_1_114' title='bbox 952 1666 1014 1741; x_wconf 84' lang='lat' dir='ltr'>est,</span> <span class='ocrx_word' id='word_1_115' title='bbox 1034 1655 1089 1720; x_wconf 91' lang='lat' dir='ltr'>sed</span> <span class='ocrx_word' id='word_1_116' title='bbox 1108 1656 1238 1718; x_wconf 91' lang='lat' dir='ltr'>homine</span> <span class='ocrx_word' id='word_1_117' title='bbox 1260 1651 1368 1716; x_wconf 88' lang='lat' dir='ltr'>sano?</span> 
     </span>
     <span class='ocr_line' id='line_1_15' title="bbox 162 1756 1367 1848; baseline -0.012 -18"><span class='ocrx_word' id='word_1_118' title='bbox 162 1766 199 1830; x_wconf 89' lang='lat' dir='ltr'>ld</span> <span class='ocrx_word' id='word_1_119' title='bbox 226 1767 296 1848; x_wconf 89' lang='lat' dir='ltr'>agis</span> <span class='ocrx_word' id='word_1_120' title='bbox 321 1775 357 1829; x_wconf 91' lang='lat' dir='ltr'>ut</span> <span class='ocrx_word' id='word_1_121' title='bbox 382 1763 538 1848; x_wconf 91' lang='lat' dir='ltr'>Lepidum</span> <span class='ocrx_word' id='word_1_122' title='bbox 567 1774 622 1828; x_wconf 87' lang='lat' dir='ltr'>aut</span> <span class='ocrx_word' id='word_1_123' title='bbox 653 1764 788 1847; x_wconf 92' lang='lat' dir='ltr'>impium</span> <span class='ocrx_word' id='word_1_124' title='bbox 814 1771 868 1826; x_wconf 92' lang='lat' dir='ltr'>aut</span> <span class='ocrx_word' id='word_1_125' title='bbox 895 1763 1047 1826; x_wconf 91' lang='lat' dir='ltr'>insanum</span> <span class='ocrx_word' id='word_1_126' title='bbox 1069 1759 1246 1823; x_wconf 85' lang='lat' dir='ltr'>existimari</span> <span class='ocrx_word' id='word_1_127' title='bbox 1272 1756 1367 1818; x_wconf 87' lang='lat' dir='ltr'>velis.</span> 
     </span>
     <span class='ocr_line' id='line_1_16' title="bbox 119 1859 1369 1951; baseline -0.004 -24"><span class='ocrx_word' id='word_1_128' title='bbox 119 1891 147 1940; x_wconf 62' lang='grc' dir='ltr'>ιε</span> <span class='ocrx_word' id='word_1_129' title='bbox 163 1869 260 1933; x_wconf 91' lang='lat' dir='ltr'>Nihil</span> <span class='ocrx_word' id='word_1_130' title='bbox 274 1869 578 1951; x_wconf 87' lang='lat' dir='ltr'>agis-quamquam</span> <span class='ocrx_word' id='word_1_131' title='bbox 595 1867 750 1931; x_wconf 85' lang='lat' dir='ltr'>affirmare</span> <span class='ocrx_word' id='word_1_132' title='bbox 770 1866 810 1929; x_wconf 91' lang='lat' dir='ltr'>de</span> <span class='ocrx_word' id='word_1_133' title='bbox 830 1865 931 1929; x_wconf 85' lang='lat' dir='ltr'>altero</span> <span class='ocrx_word' id='word_1_134' title='bbox 944 1864 1075 1928; x_wconf 86' lang='lat' dir='ltr'>difficile</span> <span class='ocrx_word' id='word_1_135' title='bbox 1094 1863 1227 1927; x_wconf 81' lang='lat' dir='ltr'>est-de</span> <span class='ocrx_word' id='word_1_136' title='bbox 1242 1859 1369 1943; x_wconf 91' lang='lat' dir='ltr'>Lepido</span> 
     </span>
     <span class='ocr_line' id='line_1_17' title="bbox 162 1963 1368 2056; baseline -0.009 -20"><span class='ocrx_word' id='word_1_137' title='bbox 162 1973 362 2056; x_wconf 88' lang='lat' dir='ltr'>praesertim,</span> <span class='ocrx_word' id='word_1_138' title='bbox 391 1989 487 2054; x_wconf 91' lang='lat' dir='ltr'>quem</span> <span class='ocrx_word' id='word_1_139' title='bbox 517 1989 578 2054; x_wconf 86' lang='lat' dir='ltr'>ego</span> <span class='ocrx_word' id='word_1_140' title='bbox 607 1979 749 2034; x_wconf 81' lang='lat' dir='ltr'>mensam</span> <span class='ocrx_word' id='word_1_141' title='bbox 784 1988 969 2053; x_wconf 89' lang='lat' dir='ltr'>numquam,</span> <span class='ocrx_word' id='word_1_142' title='bbox 999 1969 1080 2032; x_wconf 90' lang='lat' dir='ltr'>bene</span> <span class='ocrx_word' id='word_1_143' title='bbox 1115 1967 1258 2052; x_wconf 85' lang='lat' dir='ltr'>sperabo,</span> <span class='ocrx_word' id='word_1_144' title='bbox 1288 1963 1368 2026; x_wconf 93' lang='lat' dir='ltr'>dum</span> 
     </span>
     <span class='ocr_line' id='line_1_18' title="bbox 163 2068 1369 2157; baseline -0.007 -18"><span class='ocrx_word' id='word_1_145' title='bbox 163 2077 285 2140; x_wconf 87' lang='lat' dir='ltr'>licebit.</span> <span class='ocrx_word' id='word_1_146' title='bbox 330 2074 495 2138; x_wconf 89' lang='lat' dir='ltr'>Revocare</span> <span class='ocrx_word' id='word_1_147' title='bbox 519 2084 553 2138; x_wconf 90' lang='lat' dir='ltr'>te</span> <span class='ocrx_word' id='word_1_148' title='bbox 578 2093 599 2136; x_wconf 88' lang='lat' dir='ltr'>a</span> <span class='ocrx_word' id='word_1_149' title='bbox 624 2075 727 2137; x_wconf 90' lang='lat' dir='ltr'>furore</span> <span class='ocrx_word' id='word_1_150' title='bbox 754 2073 895 2157; x_wconf 91' lang='lat' dir='ltr'>Lepidus</span> <span class='ocrx_word' id='word_1_151' title='bbox 917 2072 1032 2157; x_wconf 89' lang='lat' dir='ltr'>voluit,</span> <span class='ocrx_word' id='word_1_152' title='bbox 1056 2090 1122 2134; x_wconf 93' lang='lat' dir='ltr'>non</span> <span class='ocrx_word' id='word_1_153' title='bbox 1145 2068 1271 2133; x_wconf 90' lang='lat' dir='ltr'>adiutor</span> <span class='ocrx_word' id='word_1_154' title='bbox 1294 2086 1369 2130; x_wconf 88' lang='lat' dir='ltr'>esse</span> 
     </span>
     <span class='ocr_line' id='line_1_19' title="bbox 161 2172 1368 2263; baseline -0.009 -20"><span class='ocrx_word' id='word_1_155' title='bbox 161 2180 355 2244; x_wconf 89' lang='lat' dir='ltr'>dementiae.</span> <span class='ocrx_word' id='word_1_156' title='bbox 400 2177 454 2242; x_wconf 93' lang='lat' dir='ltr'>Tu</span> <span class='ocrx_word' id='word_1_157' title='bbox 479 2197 572 2263; x_wconf 91' lang='lat' dir='ltr'>porro</span> <span class='ocrx_word' id='word_1_158' title='bbox 599 2197 640 2240; x_wconf 93' lang='lat' dir='ltr'>ne</span> <span class='ocrx_word' id='word_1_159' title='bbox 664 2177 735 2262; x_wconf 91' lang='lat' dir='ltr'>pios</span> <span class='ocrx_word' id='word_1_160' title='bbox 760 2175 902 2260; x_wconf 90' lang='lat' dir='ltr'>quidem,</span> <span class='ocrx_word' id='word_1_161' title='bbox 924 2175 979 2240; x_wconf 88' lang='lat' dir='ltr'>sed</span> <span class='ocrx_word' id='word_1_162' title='bbox 1005 2175 1205 2259; x_wconf 90' lang='lat' dir='ltr'>piissimos</span> <span class='ocrx_word' id='word_1_163' title='bbox 1226 2172 1368 2255; x_wconf 88' lang='lat' dir='ltr'>quaeris,</span> 
     </span>
     <span class='ocr_line' id='line_1_20' title="bbox 161 2277 1368 2368; baseline -0.009 -21"><span class='ocrx_word' id='word_1_164' title='bbox 161 2294 207 2368; x_wconf 90' lang='lat' dir='ltr'>et,</span> <span class='ocrx_word' id='word_1_165' title='bbox 225 2283 308 2366; x_wconf 92' lang='lat' dir='ltr'>quod</span> <span class='ocrx_word' id='word_1_166' title='bbox 328 2284 460 2346; x_wconf 91' lang='lat' dir='ltr'>verbum</span> <span class='ocrx_word' id='word_1_167' title='bbox 478 2282 615 2345; x_wconf 90' lang='lat' dir='ltr'>omnino</span> <span class='ocrx_word' id='word_1_168' title='bbox 634 2280 757 2344; x_wconf 91' lang='lat' dir='ltr'>nullum</span> <span class='ocrx_word' id='word_1_169' title='bbox 778 2280 814 2342; x_wconf 92' lang='lat' dir='ltr'>in</span> <span class='ocrx_word' id='word_1_170' title='bbox 833 2279 943 2362; x_wconf 88' lang='lat' dir='ltr'>lingua</span> <span class='ocrx_word' id='word_1_171' title='bbox 962 2279 1082 2344; x_wconf 90' lang='lat' dir='ltr'>Latina</span> <span class='ocrx_word' id='word_1_172' title='bbox 1099 2286 1161 2364; x_wconf 88' lang='lat' dir='ltr'>est,</span> <span class='ocrx_word' id='word_1_173' title='bbox 1183 2277 1217 2340; x_wconf 94' lang='lat' dir='ltr'>id</span> <span class='ocrx_word' id='word_1_174' title='bbox 1237 2283 1368 2360; x_wconf 91' lang='lat' dir='ltr'>propter</span> 
     </span>
     <span class='ocr_line' id='line_1_21' title="bbox 117 2380 1422 2469; baseline -0.005 -17"><span class='ocrx_word' id='word_1_175' title='bbox 117 2409 151 2448; x_wconf 82' lang='lat' dir='ltr'>ao</span> <span class='ocrx_word' id='word_1_176' title='bbox 161 2397 250 2452; x_wconf 87' lang='lat' dir='ltr'>tuam</span> <span class='ocrx_word' id='word_1_177' title='bbox 298 2387 445 2450; x_wconf 86' lang='lat' dir='ltr'>divinam</span> <span class='ocrx_word' id='word_1_178' title='bbox 489 2387 648 2469; x_wconf 89' lang='lat' dir='ltr'>pietatem</span> <span class='ocrx_word' id='word_1_179' title='bbox 690 2402 809 2447; x_wconf 89' lang='lat' dir='ltr'>novum</span> <span class='ocrx_word' id='word_1_180' title='bbox 853 2382 990 2448; x_wconf 89' lang='lat' dir='ltr'>inducis.</span> <span class='ocrx_word' id='word_1_181' title='bbox 1056 2381 1141 2445; x_wconf 92' lang='lat' dir='ltr'>Nec</span> <span class='ocrx_word' id='word_1_182' title='bbox 1184 2380 1422 2445; x_wconf 80' lang='lat' dir='ltr'>Plancumaa</span> 
     </span>
     <span class='ocr_line' id='line_1_22' title="bbox 162 2483 1367 2576; baseline -0.007 -22"><span class='ocrx_word' id='word_1_183' title='bbox 162 2490 328 2576; x_wconf 88' lang='lat' dir='ltr'>prodere,</span> <span class='ocrx_word' id='word_1_184' title='bbox 366 2489 592 2574; x_wconf 88' lang='lat' dir='ltr'>participem</span> <span class='ocrx_word' id='word_1_185' title='bbox 629 2487 889 2552; x_wconf 89' lang='lat' dir='ltr'>consiliorum.</span> <span class='ocrx_word' id='word_1_186' title='bbox 957 2483 1109 2550; x_wconf 86' lang='lat' dir='ltr'>Plancum</span> <span class='ocrx_word' id='word_1_187' title='bbox 1145 2483 1367 2570; x_wconf 84' lang='lat' dir='ltr'>participem?</span> 
     </span>
    </p>
   </div>
   <div class='ocr_carea' id='block_1_3' title="bbox 161 2735 1371 4420">
    <p class='ocr_par' dir='ltr' id='par_1_3' title="bbox 161 2735 1371 4420">
     <span class='ocr_line' id='line_1_23' title="bbox 162 2735 1368 2804; baseline -0.004 -16"><span class='ocrx_word' id='word_1_188' title='bbox 162 2739 256 2789; x_wconf 86' lang='lat' dir='ltr'>thereal</span> <span class='ocrx_word' id='word_1_189' title='bbox 268 2747 350 2788; x_wconf 89' lang='lat' dir='ltr'>nature</span> <span class='ocrx_word' id='word_1_190' title='bbox 360 2739 390 2787; x_wconf 90' lang='lat' dir='ltr'>ol&#39;</span> <span class='ocrx_word' id='word_1_191' title='bbox 397 2737 598 2803; x_wconf 84' lang='lat' dir='ltr'>hisgoremment,</span> <span class='ocrx_word' id='word_1_192' title='bbox 607 2739 631 2786; x_wconf 88' lang='lat' dir='ltr'>in</span> <span class='ocrx_word' id='word_1_193' title='bbox 642 2739 740 2804; x_wconf 81' lang='lat' dir='ltr'>offering</span> <span class='ocrx_word' id='word_1_194' title='bbox 826 2751 864 2787; x_wconf 85' lang='lat' dir='ltr'>ta.</span> <span class='ocrx_word' id='word_1_195' title='bbox 883 2739 950 2788; x_wconf 87' lang='lat' dir='ltr'>Cum</span> <span class='ocrx_word' id='word_1_196' title='bbox 974 2739 1089 2802; x_wconf 89' lang='lat' dir='ltr'>Lepido.</span> <span class='ocrx_word' id='word_1_197' title='bbox 1130 2737 1191 2786; x_wconf 81' lang='lat' dir='ltr'>llere</span> <span class='ocrx_word' id='word_1_198' title='bbox 1207 2737 1282 2802; x_wconf 84' lang='lat' dir='ltr'>again,</span> <span class='ocrx_word' id='word_1_199' title='bbox 1298 2751 1323 2784; x_wconf 89' lang='lat' dir='ltr'>as</span> <span class='ocrx_word' id='word_1_200' title='bbox 1339 2735 1368 2783; x_wconf 90' lang='lat' dir='ltr'>in</span> 
     </span>
     <span class='ocr_line' id='line_1_24' title="bbox 163 2801 1368 2868; baseline -0.002 -15"><span class='ocrx_word' id='word_1_201' title='bbox 163 2806 335 2854; x_wconf 82' lang='lat' dir='ltr'>himacrown.</span> <span class='ocrx_word' id='word_1_202' title='bbox 369 2805 412 2866; x_wconf 87' lang='lat' dir='ltr'>Cp.</span> <span class='ocrx_word' id='word_1_203' title='bbox 426 2817 447 2853; x_wconf 85' lang='lat' dir='ltr'>a.</span> <span class='ocrx_word' id='word_1_204' title='bbox 461 2805 552 2868; x_wconf 55' lang='lat'>3485.</span> <span class='ocrx_word' id='word_1_205' title='bbox 790 2819 811 2852; x_wconf 92' lang='lat' dir='ltr'>c.</span> <span class='ocrx_word' id='word_1_206' title='bbox 820 2805 939 2866; x_wconf 82' lang='lat' dir='ltr'>4,7loll,</span> <span class='ocrx_word' id='word_1_207' title='bbox 951 2805 996 2852; x_wconf 88' lang='lat' dir='ltr'>and</span> <span class='ocrx_word' id='word_1_208' title='bbox 1007 2821 1028 2852; x_wconf 90' lang='lat' dir='ltr'>c.</span> <span class='ocrx_word' id='word_1_209' title='bbox 1039 2804 1063 2860; x_wconf 86' lang='lat'>8,</span> <span class='ocrx_word' id='word_1_210' title='bbox 1078 2803 1115 2859; x_wconf 82' lang='lat'>16,</span> <span class='ocrx_word' id='word_1_211' title='bbox 1128 2803 1211 2852; x_wconf 87' lang='lat' dir='ltr'>Cicero</span> <span class='ocrx_word' id='word_1_212' title='bbox 1221 2805 1313 2865; x_wconf 85' lang='lat' dir='ltr'>betrays</span> <span class='ocrx_word' id='word_1_213' title='bbox 1328 2801 1368 2850; x_wconf 88' lang='lat' dir='ltr'>bis</span> 
     </span>
     <span class='ocr_line' id='line_1_25' title="bbox 206 2867 1368 2934; baseline -0.006 -14"><span class='ocrx_word' id='word_1_214' title='bbox 206 2872 374 2920; x_wconf 82' lang='lat' dir='ltr'>Flaminium</span> <span class='ocrx_word' id='word_1_215' title='bbox 414 2886 460 2919; x_wconf 90' lang='lat' dir='ltr'>cur</span> <span class='ocrx_word' id='word_1_216' title='bbox 501 2871 649 2932; x_wconf 85' lang='lat' dir='ltr'>reliquisti.</span> <span class='ocrx_word' id='word_1_217' title='bbox 707 2869 740 2916; x_wconf 80' lang='lat' dir='ltr'>ds</span> <span class='ocrx_word' id='word_1_218' title='bbox 790 2870 923 2934; x_wconf 85' lang='lat' dir='ltr'>misgivings</span> <span class='ocrx_word' id='word_1_219' title='bbox 945 2871 1018 2918; x_wconf 92' lang='lat' dir='ltr'>about</span> <span class='ocrx_word' id='word_1_220' title='bbox 1033 2870 1148 2931; x_wconf 75' lang='lat' dir='ltr'>Lepidus:</span> <span class='ocrx_word' id='word_1_221' title='bbox 1174 2870 1217 2916; x_wconf 91' lang='lat' dir='ltr'>but</span> <span class='ocrx_word' id='word_1_222' title='bbox 1234 2868 1263 2915; x_wconf 90' lang='lat' dir='ltr'>he</span> <span class='ocrx_word' id='word_1_223' title='bbox 1276 2867 1368 2929; x_wconf 83' lang='lat' dir='ltr'>implies</span> 
     </span>
     <span class='ocr_line' id='line_1_26' title="bbox 161 2933 1367 2998; baseline -0.003 -13"><span class='ocrx_word' id='word_1_224' title='bbox 161 2939 274 2985; x_wconf 75' lang='lat' dir='ltr'>‘flamen’</span> <span class='ocrx_word' id='word_1_225' title='bbox 291 2938 320 2984; x_wconf 83' lang='lat' dir='ltr'>oi</span> <span class='ocrx_word' id='word_1_226' title='bbox 328 2937 414 2984; x_wconf 86' lang='lat' dir='ltr'>Caesar</span> <span class='ocrx_word' id='word_1_227' title='bbox 431 2936 480 2998; x_wconf 88' lang='lat' dir='ltr'>(see</span> <span class='ocrx_word' id='word_1_228' title='bbox 496 2935 740 2996; x_wconf 65' lang='lat' dir='ltr'>²·431110l252w</span> <span class='ocrx_word' id='word_1_229' title='bbox 790 2934 842 2982; x_wconf 84' lang='lat' dir='ltr'>that</span> <span class='ocrx_word' id='word_1_230' title='bbox 853 2950 910 2983; x_wconf 86' lang='lat' dir='ltr'>even</span> <span class='ocrx_word' id='word_1_231' title='bbox 923 2935 944 2981; x_wconf 83' lang='lat' dir='ltr'>is</span> <span class='ocrx_word' id='word_1_232' title='bbox 951 2936 1050 2997; x_wconf 79' lang='lat' dir='ltr'>Lepidus</span> <span class='ocrx_word' id='word_1_233' title='bbox 1066 2935 1144 2998; x_wconf 82' lang='lat' dir='ltr'>lorgoe</span> <span class='ocrx_word' id='word_1_234' title='bbox 1161 2934 1196 2982; x_wconf 86' lang='lat' dir='ltr'>bis</span> <span class='ocrx_word' id='word_1_235' title='bbox 1212 2933 1269 2995; x_wconf 88' lang='lat' dir='ltr'>duty</span> <span class='ocrx_word' id='word_1_236' title='bbox 1285 2942 1312 2981; x_wconf 93' lang='lat' dir='ltr'>to</span> <span class='ocrx_word' id='word_1_237' title='bbox 1328 2933 1367 2981; x_wconf 86' lang='lat' dir='ltr'>bis</span> 
     </span>
     <span class='ocr_line' id='line_1_27' title="bbox 164 2999 1369 3063; baseline -0.003 -13"><span class='ocrx_word' id='word_1_238' title='bbox 164 3003 273 3050; x_wconf 79' lang='lat' dir='ltr'>unlavrtu</span> <span class='ocrx_word' id='word_1_239' title='bbox 290 3002 325 3049; x_wconf 82' lang='lat' dir='ltr'>ior</span> <span class='ocrx_word' id='word_1_240' title='bbox 342 3004 475 3062; x_wconf 80' lang='lat' dir='ltr'>Antonyto</span> <span class='ocrx_word' id='word_1_241' title='bbox 493 3001 521 3048; x_wconf 91' lang='lat' dir='ltr'>be</span> <span class='ocrx_word' id='word_1_242' title='bbox 538 3015 604 3063; x_wconf 76' lang='lat' dir='ltr'>away</span> <span class='ocrx_word' id='word_1_243' title='bbox 620 3001 680 3048; x_wconf 80' lang='lat' dir='ltr'>from</span> <span class='ocrx_word' id='word_1_244' title='bbox 697 3000 739 3047; x_wconf 88' lang='lat' dir='ltr'>tbe</span> <span class='ocrx_word' id='word_1_245' title='bbox 790 3009 895 3063; x_wconf 79' lang='lat' dir='ltr'>country,</span> <span class='ocrx_word' id='word_1_246' title='bbox 917 3000 947 3048; x_wconf 88' lang='lat' dir='ltr'>be</span> <span class='ocrx_word' id='word_1_247' title='bbox 968 3001 1046 3048; x_wconf 75' lang='lat' dir='ltr'>would</span> <span class='ocrx_word' id='word_1_248' title='bbox 1068 3008 1092 3048; x_wconf 87' lang='lat' dir='ltr'>at</span> <span class='ocrx_word' id='word_1_249' title='bbox 1114 3015 1161 3062; x_wconf 89' lang='lat' dir='ltr'>any</span> <span class='ocrx_word' id='word_1_250' title='bbox 1177 3008 1226 3048; x_wconf 87' lang='lat' dir='ltr'>rate</span> <span class='ocrx_word' id='word_1_251' title='bbox 1244 3013 1314 3046; x_wconf 85' lang='lat' dir='ltr'>neves</span> <span class='ocrx_word' id='word_1_252' title='bbox 1335 2999 1369 3046; x_wconf 84' lang='lat' dir='ltr'>be</span> 
     </span>
     <span class='ocr_line' id='line_1_28' title="bbox 161 3065 1260 3131; baseline -0.004 -15"><span class='ocrx_word' id='word_1_253' title='bbox 161 3070 210 3131; x_wconf 90' lang='lat' dir='ltr'>city</span> <span class='ocrx_word' id='word_1_254' title='bbox 222 3069 281 3116; x_wconf 86' lang='lat' dir='ltr'>fora</span> <span class='ocrx_word' id='word_1_255' title='bbox 294 3067 366 3130; x_wconf 84' lang='lat' dir='ltr'>single</span> <span class='ocrx_word' id='word_1_256' title='bbox 377 3067 451 3130; x_wconf 90' lang='lat' dir='ltr'>night.</span> <span class='ocrx_word' id='word_1_257' title='bbox 486 3065 539 3113; x_wconf 89' lang='lat' dir='ltr'>Tbe</span> <span class='ocrx_word' id='word_1_258' title='bbox 549 3067 654 3114; x_wconf 86' lang='lat' dir='ltr'>mention</span> <span class='ocrx_word' id='word_1_259' title='bbox 663 3065 693 3113; x_wconf 85' lang='lat' dir='ltr'>of</span> <span class='ocrx_word' id='word_1_260' title='bbox 700 3066 739 3113; x_wconf 90' lang='lat' dir='ltr'>the</span> <span class='ocrx_word' id='word_1_261' title='bbox 790 3067 865 3131; x_wconf 87' lang='lat' dir='ltr'>guilty</span> <span class='ocrx_word' id='word_1_262' title='bbox 876 3067 905 3114; x_wconf 81' lang='lat' dir='ltr'>oi</span> <span class='ocrx_word' id='word_1_263' title='bbox 912 3065 968 3114; x_wconf 89' lang='lat' dir='ltr'>such</span> <span class='ocrx_word' id='word_1_264' title='bbox 979 3066 1260 3126; x_wconf 76' lang='lat' dir='ltr'>enonuitiesasdntony.</span> 
     </span>
     <span class='ocr_line' id='line_1_29' title="bbox 161 3129 1368 3196; baseline -0.004 -15"><span class='ocrx_word' id='word_1_265' title='bbox 161 3133 326 3196; x_wconf 61' lang='lat' dir='ltr'>‘Lupercalia&#39;</span> <span class='ocrx_word' id='word_1_266' title='bbox 337 3141 363 3180; x_wconf 89' lang='lat' dir='ltr'>at</span> <span class='ocrx_word' id='word_1_267' title='bbox 374 3131 449 3180; x_wconf 82' lang='lat' dir='ltr'>which</span> <span class='ocrx_word' id='word_1_268' title='bbox 461 3133 557 3193; x_wconf 77' lang='lat' dir='ltr'>Antony</span> <span class='ocrx_word' id='word_1_269' title='bbox 568 3131 621 3180; x_wconf 89' lang='lat' dir='ltr'>beld</span> <span class='ocrx_word' id='word_1_270' title='bbox 636 3131 676 3179; x_wconf 90' lang='lat' dir='ltr'>tbe</span> <span class='ocrx_word' id='word_1_271' title='bbox 688 3146 740 3178; x_wconf 80' lang='lat' dir='ltr'>new</span> <span class='ocrx_word' id='word_1_272' title='bbox 825 3143 862 3192; x_wconf 83' lang='lat'>15.</span> <span class='ocrx_word' id='word_1_273' title='bbox 887 3134 927 3180; x_wconf 91' lang='lat' dir='ltr'>De</span> <span class='ocrx_word' id='word_1_274' title='bbox 958 3133 1054 3185; x_wconf 84' lang='lat' dir='ltr'>altero,</span> <span class='ocrx_word' id='word_1_275' title='bbox 1082 3131 1127 3178; x_wconf 80' lang='lat' dir='ltr'>‘of</span> <span class='ocrx_word' id='word_1_276' title='bbox 1143 3130 1206 3178; x_wconf 89' lang='lat' dir='ltr'>one&#39;s</span> <span class='ocrx_word' id='word_1_277' title='bbox 1222 3129 1368 3194; x_wconf 69' lang='lat' dir='ltr'>neighbour!</span> 
     </span>
     <span class='ocr_line' id='line_1_30' title="bbox 163 3193 1367 3259; baseline -0.004 -13"><span class='ocrx_word' id='word_1_278' title='bbox 163 3199 230 3247; x_wconf 87' lang='lat' dir='ltr'>office</span> <span class='ocrx_word' id='word_1_279' title='bbox 253 3199 281 3246; x_wconf 84' lang='lat' dir='ltr'>of</span> <span class='ocrx_word' id='word_1_280' title='bbox 301 3199 416 3258; x_wconf 81' lang='lat' dir='ltr'>Lupercus</span> <span class='ocrx_word' id='word_1_281' title='bbox 439 3197 519 3252; x_wconf 87' lang='lat' dir='ltr'>lulius,</span> <span class='ocrx_word' id='word_1_282' title='bbox 541 3197 656 3259; x_wconf 77' lang='lat' dir='ltr'>naturally</span> <span class='ocrx_word' id='word_1_283' title='bbox 677 3197 739 3244; x_wconf 80' lang='lat' dir='ltr'>laada</span> <span class='ocrx_word' id='word_1_284' title='bbox 789 3197 832 3258; x_wconf 85' lang='lat' dir='ltr'>Cp.</span> <span class='ocrx_word' id='word_1_285' title='bbox 844 3197 890 3245; x_wconf 82' lang='lat' dir='ltr'>Off.</span> <span class='ocrx_word' id='word_1_286' title='bbox 904 3208 926 3245; x_wconf 89' lang='lat'>1.</span> <span class='ocrx_word' id='word_1_287' title='bbox 940 3209 989 3258; x_wconf 63' lang='grc' dir='ltr'>ῃ</span> <span class='ocrx_word' id='word_1_288' title='bbox 1006 3197 1091 3244; x_wconf 78' lang='lat' dir='ltr'>‘Nulla</span> <span class='ocrx_word' id='word_1_289' title='bbox 1107 3196 1170 3244; x_wconf 78' lang='lat' dir='ltr'>vitae</span> <span class='ocrx_word' id='word_1_290' title='bbox 1186 3209 1330 3257; x_wconf 63' lang='lat' dir='ltr'>parasseque</span> <span class='ocrx_word' id='word_1_291' title='bbox 1346 3193 1367 3240; x_wconf 90' lang='lat' dir='ltr'>si</span> 
     </span>
     <span class='ocr_line' id='line_1_31' title="bbox 162 3261 1368 3326; baseline -0.003 -14"><span class='ocrx_word' id='word_1_292' title='bbox 162 3265 245 3312; x_wconf 88' lang='lat' dir='ltr'>Cicero</span> <span class='ocrx_word' id='word_1_293' title='bbox 262 3273 288 3310; x_wconf 93' lang='lat' dir='ltr'>to</span> <span class='ocrx_word' id='word_1_294' title='bbox 304 3263 408 3310; x_wconf 86' lang='lat' dir='ltr'>consider</span> <span class='ocrx_word' id='word_1_295' title='bbox 430 3261 471 3309; x_wconf 87' lang='lat' dir='ltr'>the</span> <span class='ocrx_word' id='word_1_296' title='bbox 487 3262 554 3309; x_wconf 84' lang='lat' dir='ltr'>other</span> <span class='ocrx_word' id='word_1_297' title='bbox 570 3263 701 3321; x_wconf 84' lang='lat' dir='ltr'>priesthood</span> <span class='ocrx_word' id='word_1_298' title='bbox 716 3262 739 3308; x_wconf 90' lang='lat' dir='ltr'>in</span> <span class='ocrx_word' id='word_1_299' title='bbox 789 3271 867 3312; x_wconf 88' lang='lat' dir='ltr'>tecum</span> <span class='ocrx_word' id='word_1_300' title='bbox 878 3276 932 3326; x_wconf 87' lang='lat' dir='ltr'>agas</span> <span class='ocrx_word' id='word_1_301' title='bbox 943 3262 1006 3323; x_wconf 87' lang='lat' dir='ltr'>quid,</span> <span class='ocrx_word' id='word_1_302' title='bbox 1022 3277 1096 3324; x_wconf 89' lang='lat' dir='ltr'>neque</span> <span class='ocrx_word' id='word_1_303' title='bbox 1112 3261 1131 3309; x_wconf 88' lang='lat' dir='ltr'>si</span> <span class='ocrx_word' id='word_1_304' title='bbox 1148 3275 1202 3308; x_wconf 86' lang='lat' dir='ltr'>cuns</span> <span class='ocrx_word' id='word_1_305' title='bbox 1219 3262 1292 3309; x_wconf 88' lang='lat' dir='ltr'>altero</span> <span class='ocrx_word' id='word_1_306' title='bbox 1310 3275 1368 3307; x_wconf 88' lang='lat' dir='ltr'>con·</span> 
     </span>
     <span class='ocr_line' id='line_1_32' title="bbox 162 3326 1163 3388; baseline -0.001 -13"><span class='ocrx_word' id='word_1_307' title='bbox 162 3329 254 3375; x_wconf 89' lang='lat' dir='ltr'>honour</span> <span class='ocrx_word' id='word_1_308' title='bbox 274 3329 301 3374; x_wconf 81' lang='lat' dir='ltr'>oi</span> <span class='ocrx_word' id='word_1_309' title='bbox 318 3329 403 3375; x_wconf 89' lang='lat' dir='ltr'>Caesar</span> <span class='ocrx_word' id='word_1_310' title='bbox 422 3327 479 3374; x_wconf 83' lang='lat' dir='ltr'>with</span> <span class='ocrx_word' id='word_1_311' title='bbox 499 3326 574 3373; x_wconf 77' lang='lat' dir='ltr'>which</span> <span class='ocrx_word' id='word_1_312' title='bbox 592 3326 622 3374; x_wconf 86' lang='lat' dir='ltr'>he</span> <span class='ocrx_word' id='word_1_313' title='bbox 640 3342 688 3375; x_wconf 81' lang='lat' dir='ltr'>was</span> <span class='ocrx_word' id='word_1_314' title='bbox 705 3326 740 3373; x_wconf 92' lang='lat' dir='ltr'>in·</span> <span class='ocrx_word' id='word_1_315' title='bbox 789 3328 875 3384; x_wconf 89' lang='lat' dir='ltr'>trabas,</span> <span class='ocrx_word' id='word_1_316' title='bbox 886 3342 969 3375; x_wconf 85' lang='lat' dir='ltr'>vacare</span> <span class='ocrx_word' id='word_1_317' title='bbox 984 3327 1061 3374; x_wconf 85' lang='lat' dir='ltr'>officio</span> <span class='ocrx_word' id='word_1_318' title='bbox 1072 3326 1163 3388; x_wconf 61' lang='lat' dir='ltr'>potest)</span> 
     </span>
     <span class='ocr_line' id='line_1_33' title="bbox 163 3389 1369 3457; baseline -0.002 -17"><span class='ocrx_word' id='word_1_319' title='bbox 163 3393 249 3440; x_wconf 81' lang='lat' dir='ltr'>vested.</span> <span class='ocrx_word' id='word_1_320' title='bbox 283 3389 739 3439; x_wconf 84' lang='lat' dir='ltr'>Theform‘flaminium&#39;isconfirmed</span> <span class='ocrx_word' id='word_1_321' title='bbox 825 3405 864 3457; x_wconf 82' lang='lat'>19.</span> <span class='ocrx_word' id='word_1_322' title='bbox 891 3393 1012 3442; x_wconf 87' lang='lat' dir='ltr'>Omnino</span> <span class='ocrx_word' id='word_1_323' title='bbox 1043 3393 1158 3446; x_wconf 87' lang='lat' dir='ltr'>nullum,</span> <span class='ocrx_word' id='word_1_324' title='bbox 1185 3389 1231 3439; x_wconf 84' lang='lat' dir='ltr'>dcc.</span> <span class='ocrx_word' id='word_1_325' title='bbox 1274 3391 1296 3438; x_wconf 87' lang='lat' dir='ltr'>lt</span> <span class='ocrx_word' id='word_1_326' title='bbox 1318 3403 1369 3438; x_wconf 86' lang='lat' dir='ltr'>vras</span> 
     </span>
     <span class='ocr_line' id='line_1_34' title="bbox 164 3454 1368 3520; baseline -0.003 -14"><span class='ocrx_word' id='word_1_327' title='bbox 164 3459 196 3520; x_wconf 87' lang='lat' dir='ltr'>by</span> <span class='ocrx_word' id='word_1_328' title='bbox 216 3458 279 3520; x_wconf 85' lang='lat' dir='ltr'>Livy</span> <span class='ocrx_word' id='word_1_329' title='bbox 300 3454 338 3505; x_wconf 75' lang='lat' dir='ltr'>ab.</span> <span class='ocrx_word' id='word_1_330' title='bbox 361 3469 391 3518; x_wconf 76' lang='lat'>²³</span> <span class='ocrx_word' id='word_1_331' title='bbox 408 3456 449 3503; x_wconf 82' lang='lat'>¹0.</span> <span class='ocrx_word' id='word_1_332' title='bbox 460 3455 568 3503; x_wconf 90' lang='lat' dir='ltr'>Claudius</span> <span class='ocrx_word' id='word_1_333' title='bbox 580 3490 586 3503; x_wconf 92' lang='lat'>.</span> <span class='ocrx_word' id='word_1_334' title='bbox 602 3490 609 3504; x_wconf 86' lang='lat'>.</span> <span class='ocrx_word' id='word_1_335' title='bbox 621 3492 628 3505; x_wconf 91' lang='lat'>.</span> <span class='ocrx_word' id='word_1_336' title='bbox 638 3457 740 3505; x_wconf 85' lang='lat' dir='ltr'>flaminio</span> <span class='ocrx_word' id='word_1_337' title='bbox 789 3459 844 3506; x_wconf 86' lang='lat' dir='ltr'>used</span> <span class='ocrx_word' id='word_1_338' title='bbox 851 3459 882 3520; x_wconf 91' lang='lat' dir='ltr'>by</span> <span class='ocrx_word' id='word_1_339' title='bbox 892 3457 986 3506; x_wconf 78' lang='lat' dir='ltr'>Tacitus</span> <span class='ocrx_word' id='word_1_340' title='bbox 994 3458 1040 3505; x_wconf 87' lang='lat' dir='ltr'>and</span> <span class='ocrx_word' id='word_1_341' title='bbox 1046 3457 1103 3506; x_wconf 86' lang='lat' dir='ltr'>later</span> <span class='ocrx_word' id='word_1_342' title='bbox 1111 3457 1206 3511; x_wconf 84' lang='lat' dir='ltr'>writers,</span> <span class='ocrx_word' id='word_1_343' title='bbox 1216 3457 1263 3504; x_wconf 89' lang='lat' dir='ltr'>and</span> <span class='ocrx_word' id='word_1_344' title='bbox 1274 3456 1368 3504; x_wconf 75' lang='lat' dir='ltr'>Darius</span> 
     </span>
     <span class='ocr_line' id='line_1_35' title="bbox 164 3523 1367 3587; baseline -0.003 -15"><span class='ocrx_word' id='word_1_345' title='bbox 164 3523 237 3572; x_wconf 90' lang='lat' dir='ltr'>abiit.&#39;</span> <span class='ocrx_word' id='word_1_346' title='bbox 789 3524 864 3585; x_wconf 84' lang='lat' dir='ltr'>Caper</span> <span class='ocrx_word' id='word_1_347' title='bbox 880 3523 899 3570; x_wconf 90' lang='lat' dir='ltr'>is</span> <span class='ocrx_word' id='word_1_348' title='bbox 915 3524 1003 3585; x_wconf 86' lang='lat' dir='ltr'>quoted</span> <span class='ocrx_word' id='word_1_349' title='bbox 1020 3523 1052 3585; x_wconf 92' lang='lat' dir='ltr'>by</span> <span class='ocrx_word' id='word_1_350' title='bbox 1068 3523 1110 3570; x_wconf 88' lang='lat' dir='ltr'>the</span> <span class='ocrx_word' id='word_1_351' title='bbox 1125 3523 1280 3587; x_wconf 76' lang='lat' dir='ltr'>grammarian</span> <span class='ocrx_word' id='word_1_352' title='bbox 1297 3523 1367 3568; x_wconf 86' lang='lat' dir='ltr'>l’om·</span> 
     </span>
     <span class='ocr_line' id='line_1_36' title="bbox 198 3585 1367 3651; baseline -0.002 -15"><span class='ocrx_word' id='word_1_353' title='bbox 198 3607 221 3650; x_wconf 83' lang='lat'>4.</span> <span class='ocrx_word' id='word_1_354' title='bbox 241 3587 347 3636; x_wconf 88' lang='lat' dir='ltr'>Odivit.</span> <span class='ocrx_word' id='word_1_355' title='bbox 386 3585 417 3634; x_wconf 90' lang='lat' dir='ltr'>So</span> <span class='ocrx_word' id='word_1_356' title='bbox 440 3585 480 3634; x_wconf 91' lang='lat' dir='ltr'>the</span> <span class='ocrx_word' id='word_1_357' title='bbox 503 3585 568 3634; x_wconf 85' lang='lat' dir='ltr'>MSS.</span> <span class='ocrx_word' id='word_1_358' title='bbox 606 3585 686 3635; x_wconf 80' lang='lat' dir='ltr'>Festus</span> <span class='ocrx_word' id='word_1_359' title='bbox 703 3603 740 3635; x_wconf 90' lang='lat' dir='ltr'>ac·</span> <span class='ocrx_word' id='word_1_360' title='bbox 789 3590 852 3650; x_wconf 87' lang='lat' dir='ltr'>peius</span> <span class='ocrx_word' id='word_1_361' title='bbox 870 3589 904 3649; x_wconf 90' lang='lat' dir='ltr'>(p.</span> <span class='ocrx_word' id='word_1_362' title='bbox 919 3600 973 3650; x_wconf 76' lang='lat'>132,</span> <span class='ocrx_word' id='word_1_363' title='bbox 992 3589 1029 3636; x_wconf 87' lang='lat' dir='ltr'>ed.</span> <span class='ocrx_word' id='word_1_364' title='bbox 1045 3587 1196 3651; x_wconf 84' lang='lat' dir='ltr'>Lindemann)</span> <span class='ocrx_word' id='word_1_365' title='bbox 1212 3603 1237 3635; x_wconf 87' lang='lat' dir='ltr'>as</span> <span class='ocrx_word' id='word_1_366' title='bbox 1251 3587 1367 3650; x_wconf 87' lang='lat' dir='ltr'>addueing</span> 
     </span>
     <span class='ocr_line' id='line_1_37' title="bbox 164 3651 1367 3718; baseline -0.002 -16"><span class='ocrx_word' id='word_1_367' title='bbox 164 3654 315 3718; x_wconf 82' lang='lat' dir='ltr'>knowledges</span> <span class='ocrx_word' id='word_1_368' title='bbox 326 3652 367 3701; x_wconf 92' lang='lat' dir='ltr'>the</span> <span class='ocrx_word' id='word_1_369' title='bbox 378 3652 481 3700; x_wconf 89' lang='lat' dir='ltr'>obsolete</span> <span class='ocrx_word' id='word_1_370' title='bbox 492 3652 553 3698; x_wconf 90' lang='lat' dir='ltr'>form</span> <span class='ocrx_word' id='word_1_371' title='bbox 570 3651 652 3700; x_wconf 78' lang='lat' dir='ltr'>‘odio&#39;</span> <span class='ocrx_word' id='word_1_372' title='bbox 664 3669 689 3700; x_wconf 88' lang='lat' dir='ltr'>as</span> <span class='ocrx_word' id='word_1_373' title='bbox 701 3651 740 3700; x_wconf 87' lang='lat' dir='ltr'>the</span> <span class='ocrx_word' id='word_1_374' title='bbox 789 3668 894 3718; x_wconf 76' lang='lat' dir='ltr'>passages</span> <span class='ocrx_word' id='word_1_375' title='bbox 906 3655 966 3701; x_wconf 85' lang='lat' dir='ltr'>from</span> <span class='ocrx_word' id='word_1_376' title='bbox 977 3654 1078 3701; x_wconf 82' lang='lat' dir='ltr'>Cicero’s</span> <span class='ocrx_word' id='word_1_377' title='bbox 1089 3667 1143 3701; x_wconf 78' lang='lat' dir='ltr'>own</span> <span class='ocrx_word' id='word_1_378' title='bbox 1154 3653 1244 3716; x_wconf 87' lang='lat' dir='ltr'>epistles</span> <span class='ocrx_word' id='word_1_379' title='bbox 1254 3652 1278 3700; x_wconf 90' lang='lat' dir='ltr'>in</span> <span class='ocrx_word' id='word_1_380' title='bbox 1288 3651 1367 3700; x_wconf 72' lang='lat' dir='ltr'>wblcb</span> 
     </span>
     <span class='ocr_line' id='line_1_38' title="bbox 164 3716 1001 3782; baseline 0 -15"><span class='ocrx_word' id='word_1_381' title='bbox 164 3719 225 3767; x_wconf 89' lang='lat' dir='ltr'>basis</span> <span class='ocrx_word' id='word_1_382' title='bbox 234 3720 262 3766; x_wconf 82' lang='lat' dir='ltr'>ol</span> <span class='ocrx_word' id='word_1_383' title='bbox 270 3718 420 3782; x_wconf 72' lang='lat' dir='ltr'>coniugation</span> <span class='ocrx_word' id='word_1_384' title='bbox 427 3718 463 3765; x_wconf 90' lang='lat' dir='ltr'>l&#39;or</span> <span class='ocrx_word' id='word_1_385' title='bbox 471 3717 517 3766; x_wconf 90' lang='lat' dir='ltr'>tbis</span> <span class='ocrx_word' id='word_1_386' title='bbox 525 3716 588 3772; x_wconf 87' lang='lat' dir='ltr'>verb,</span> <span class='ocrx_word' id='word_1_387' title='bbox 597 3719 642 3764; x_wconf 88' lang='lat' dir='ltr'>and</span> <span class='ocrx_word' id='word_1_388' title='bbox 649 3719 740 3766; x_wconf 80' lang='lat' dir='ltr'>various</span> <span class='ocrx_word' id='word_1_389' title='bbox 790 3719 831 3767; x_wconf 89' lang='lat' dir='ltr'>the</span> <span class='ocrx_word' id='word_1_390' title='bbox 843 3721 902 3767; x_wconf 80' lang='lat' dir='ltr'>torm</span> <span class='ocrx_word' id='word_1_391' title='bbox 913 3733 1001 3767; x_wconf 87' lang='lat' dir='ltr'>occurs.</span> 
     </span>
     <span class='ocr_line' id='line_1_39' title="bbox 166 3781 1367 3848; baseline -0.002 -15"><span class='ocrx_word' id='word_1_392' title='bbox 166 3785 236 3833; x_wconf 78' lang='lat' dir='ltr'>forms</span> <span class='ocrx_word' id='word_1_393' title='bbox 247 3783 372 3848; x_wconf 87' lang='lat' dir='ltr'>belonging</span> <span class='ocrx_word' id='word_1_394' title='bbox 383 3792 408 3831; x_wconf 89' lang='lat' dir='ltr'>to</span> <span class='ocrx_word' id='word_1_395' title='bbox 425 3783 443 3830; x_wconf 89' lang='lat' dir='ltr'>it</span> <span class='ocrx_word' id='word_1_396' title='bbox 460 3797 498 3830; x_wconf 89' lang='lat' dir='ltr'>are</span> <span class='ocrx_word' id='word_1_397' title='bbox 515 3784 588 3830; x_wconf 81' lang='lat' dir='ltr'>found</span> <span class='ocrx_word' id='word_1_398' title='bbox 604 3783 627 3831; x_wconf 90' lang='lat' dir='ltr'>in</span> <span class='ocrx_word' id='word_1_399' title='bbox 638 3782 741 3846; x_wconf 85' lang='lat' dir='ltr'>patristic</span> <span class='ocrx_word' id='word_1_400' title='bbox 826 3797 864 3834; x_wconf 89' lang='lat' dir='ltr'>ao.</span> <span class='ocrx_word' id='word_1_401' title='bbox 882 3785 1021 3833; x_wconf 86' lang='lat' dir='ltr'>Plancum.</span> <span class='ocrx_word' id='word_1_402' title='bbox 1054 3783 1108 3833; x_wconf 76' lang='lat' dir='ltr'>&#39;l&#39;be</span> <span class='ocrx_word' id='word_1_403' title='bbox 1124 3785 1210 3833; x_wconf 86' lang='lat' dir='ltr'>Consul</span> <span class='ocrx_word' id='word_1_404' title='bbox 1222 3784 1288 3832; x_wconf 81' lang='lat' dir='ltr'>elect.</span> <span class='ocrx_word' id='word_1_405' title='bbox 1322 3781 1367 3838; x_wconf 79' lang='lat' dir='ltr'>ue,</span> 
     </span>
     <span class='ocr_line' id='line_1_40' title="bbox 165 3845 1368 3913; baseline -0.004 -14"><span class='ocrx_word' id='word_1_406' title='bbox 165 3850 243 3905; x_wconf 90' lang='lat' dir='ltr'>Latin,</span> <span class='ocrx_word' id='word_1_407' title='bbox 254 3849 375 3911; x_wconf 79' lang='lat' dir='ltr'>especially</span> <span class='ocrx_word' id='word_1_408' title='bbox 386 3849 410 3895; x_wconf 90' lang='lat' dir='ltr'>ln</span> <span class='ocrx_word' id='word_1_409' title='bbox 422 3847 558 3896; x_wconf 86' lang='lat' dir='ltr'>Tertullian.</span> <span class='ocrx_word' id='word_1_410' title='bbox 791 3848 838 3898; x_wconf 86' lang='lat' dir='ltr'>lilre</span> <span class='ocrx_word' id='word_1_411' title='bbox 855 3849 961 3911; x_wconf 88' lang='lat' dir='ltr'>Lepidus,</span> <span class='ocrx_word' id='word_1_412' title='bbox 972 3851 1103 3913; x_wconf 86' lang='lat' dir='ltr'>erentnally</span> <span class='ocrx_word' id='word_1_413' title='bbox 1114 3850 1221 3898; x_wconf 86' lang='lat' dir='ltr'>deceired</span> <span class='ocrx_word' id='word_1_414' title='bbox 1238 3848 1279 3896; x_wconf 84' lang='lat' dir='ltr'>the</span> <span class='ocrx_word' id='word_1_415' title='bbox 1294 3845 1368 3910; x_wconf 86' lang='lat' dir='ltr'>bopes</span> 
     </span>
     <span class='ocr_line' id='line_1_41' title="bbox 199 3913 1368 3978; baseline -0.003 -14"><span class='ocrx_word' id='word_1_416' title='bbox 199 3915 222 3964; x_wconf 88' lang='lat'>8.</span> <span class='ocrx_word' id='word_1_417' title='bbox 242 3913 349 3976; x_wconf 91' lang='lat' dir='ltr'>Optimi</span> <span class='ocrx_word' id='word_1_418' title='bbox 377 3915 516 3976; x_wconf 85' lang='lat' dir='ltr'>cuiusque,</span> <span class='ocrx_word' id='word_1_419' title='bbox 537 3914 582 3962; x_wconf 79' lang='lat' dir='ltr'>&amp;u</span> <span class='ocrx_word' id='word_1_420' title='bbox 634 3915 678 3975; x_wconf 88' lang='lat' dir='ltr'>Cp.</span> <span class='ocrx_word' id='word_1_421' title='bbox 702 3925 741 3969; x_wconf 88' lang='lat' dir='ltr'>ao,</span> <span class='ocrx_word' id='word_1_422' title='bbox 791 3917 820 3962; x_wconf 82' lang='lat' dir='ltr'>oi</span> <span class='ocrx_word' id='word_1_423' title='bbox 833 3915 923 3970; x_wconf 90' lang='lat' dir='ltr'>Cicero,</span> <span class='ocrx_word' id='word_1_424' title='bbox 934 3915 980 3962; x_wconf 88' lang='lat' dir='ltr'>and</span> <span class='ocrx_word' id='word_1_425' title='bbox 993 3915 1073 3974; x_wconf 85' lang='lat' dir='ltr'>joined</span> <span class='ocrx_word' id='word_1_426' title='bbox 1085 3917 1188 3978; x_wconf 79' lang='lat' dir='ltr'>Antony,</span> <span class='ocrx_word' id='word_1_427' title='bbox 1200 3913 1291 3978; x_wconf 88' lang='lat' dir='ltr'>though</span> <span class='ocrx_word' id='word_1_428' title='bbox 1308 3915 1368 3961; x_wconf 74' lang='lat' dir='ltr'>aster</span> 
     </span>
     <span class='ocr_line' id='line_1_42' title="bbox 166 3977 1368 4042; baseline 0 -16"><span class='ocrx_word' id='word_1_429' title='bbox 166 3989 209 4042; x_wconf 76' lang='lat'>47,</span> <span class='ocrx_word' id='word_1_430' title='bbox 227 3979 273 4027; x_wconf 89' lang='lat' dir='ltr'>and</span> <span class='ocrx_word' id='word_1_431' title='bbox 290 3990 313 4041; x_wconf 85' lang='lat'>5.</span> <span class='ocrx_word' id='word_1_432' title='bbox 331 3992 353 4042; x_wconf 78' lang='lat'>3,</span> <span class='ocrx_word' id='word_1_433' title='bbox 368 3977 392 4027; x_wconf 83' lang='lat'>6.</span> <span class='ocrx_word' id='word_1_434' title='bbox 424 3979 470 4026; x_wconf 78' lang='lat' dir='ltr'>For</span> <span class='ocrx_word' id='word_1_435' title='bbox 492 3979 680 4028; x_wconf 81' lang='lat' dir='ltr'>‘vastandarum’</span> <span class='ocrx_word' id='word_1_436' title='bbox 696 3994 742 4027; x_wconf 90' lang='lat' dir='ltr'>one</span> <span class='ocrx_word' id='word_1_437' title='bbox 792 3981 832 4029; x_wconf 91' lang='lat' dir='ltr'>the</span> <span class='ocrx_word' id='word_1_438' title='bbox 843 3980 910 4028; x_wconf 76' lang='lat' dir='ltr'>relies</span> <span class='ocrx_word' id='word_1_439' title='bbox 917 3982 946 4028; x_wconf 82' lang='lat' dir='ltr'>oi</span> <span class='ocrx_word' id='word_1_440' title='bbox 955 3979 1048 4028; x_wconf 86' lang='lat' dir='ltr'>Mutina</span> <span class='ocrx_word' id='word_1_441' title='bbox 1060 3981 1089 4028; x_wconf 87' lang='lat' dir='ltr'>be</span> <span class='ocrx_word' id='word_1_442' title='bbox 1100 3981 1136 4029; x_wconf 80' lang='lat' dir='ltr'>for</span> <span class='ocrx_word' id='word_1_443' title='bbox 1147 3998 1162 4029; x_wconf 91' lang='lat' dir='ltr'>a</span> <span class='ocrx_word' id='word_1_444' title='bbox 1173 3982 1231 4029; x_wconf 78' lang='lat' dir='ltr'>dms</span> <span class='ocrx_word' id='word_1_445' title='bbox 1244 3978 1368 4032; x_wconf 87' lang='lat' dir='ltr'>combined</span> 
     </span>
     <span class='ocr_line' id='line_1_43' title="bbox 166 4044 1369 4111; baseline -0.002 -17"><span class='ocrx_word' id='word_1_446' title='bbox 166 4046 217 4094; x_wconf 89' lang='lat' dir='ltr'>MS.</span> <span class='ocrx_word' id='word_1_447' title='bbox 237 4045 279 4092; x_wconf 87' lang='lat' dir='ltr'>bas</span> <span class='ocrx_word' id='word_1_448' title='bbox 302 4051 369 4092; x_wconf 80' lang='lat' dir='ltr'>&#39;suas</span> <span class='ocrx_word' id='word_1_449' title='bbox 390 4044 532 4098; x_wconf 87' lang='lat' dir='ltr'>dandarum,&#39;</span> <span class='ocrx_word' id='word_1_450' title='bbox 555 4045 649 4093; x_wconf 83' lang='lat' dir='ltr'>whence</span> <span class='ocrx_word' id='word_1_451' title='bbox 671 4059 742 4106; x_wconf 90' lang='lat' dir='ltr'>many</span> <span class='ocrx_word' id='word_1_452' title='bbox 791 4046 850 4093; x_wconf 83' lang='lat' dir='ltr'>with</span> <span class='ocrx_word' id='word_1_453' title='bbox 872 4046 902 4093; x_wconf 92' lang='lat' dir='ltr'>D.</span> <span class='ocrx_word' id='word_1_454' title='bbox 925 4047 1007 4093; x_wconf 88' lang='lat' dir='ltr'>Brutus</span> <span class='ocrx_word' id='word_1_455' title='bbox 1030 4047 1054 4094; x_wconf 89' lang='lat' dir='ltr'>in</span> <span class='ocrx_word' id='word_1_456' title='bbox 1076 4045 1181 4111; x_wconf 81' lang='lat' dir='ltr'>carrying</span> <span class='ocrx_word' id='word_1_457' title='bbox 1202 4061 1234 4093; x_wconf 91' lang='lat' dir='ltr'>on</span> <span class='ocrx_word' id='word_1_458' title='bbox 1256 4044 1298 4092; x_wconf 87' lang='lat' dir='ltr'>tbe</span> <span class='ocrx_word' id='word_1_459' title='bbox 1319 4059 1369 4092; x_wconf 79' lang='lat' dir='ltr'>war</span> 
     </span>
     <span class='ocr_line' id='line_1_44' title="bbox 167 4109 1367 4174; baseline -0.002 -14"><span class='ocrx_word' id='word_1_460' title='bbox 167 4111 260 4166; x_wconf 83' lang='lat' dir='ltr'>editors,</span> <span class='ocrx_word' id='word_1_461' title='bbox 277 4109 397 4174; x_wconf 77' lang='lat' dir='ltr'>following</span> <span class='ocrx_word' id='word_1_462' title='bbox 412 4109 534 4165; x_wconf 83' lang='lat' dir='ltr'>Ferrarius,</span> <span class='ocrx_word' id='word_1_463' title='bbox 545 4109 676 4158; x_wconf 82' lang='lat' dir='ltr'>bave·suis</span> <span class='ocrx_word' id='word_1_464' title='bbox 687 4111 743 4157; x_wconf 90' lang='lat' dir='ltr'>dan·</span> <span class='ocrx_word' id='word_1_465' title='bbox 791 4111 882 4174; x_wconf 83' lang='lat' dir='ltr'>against</span> <span class='ocrx_word' id='word_1_466' title='bbox 896 4109 953 4158; x_wconf 89' lang='lat' dir='ltr'>him.</span> <span class='ocrx_word' id='word_1_467' title='bbox 991 4110 1367 4174; x_wconf 80' lang='lat' dir='ltr'>Cp.Fam11.15,1(toD.</span> 
     </span>
     <span class='ocr_line' id='line_1_45' title="bbox 167 4173 1369 4240; baseline 0 -18"><span class='ocrx_word' id='word_1_468' title='bbox 167 4175 270 4232; x_wconf 83' lang='lat' dir='ltr'>darum;&#39;</span> <span class='ocrx_word' id='word_1_469' title='bbox 288 4177 330 4222; x_wconf 92' lang='lat' dir='ltr'>but</span> <span class='ocrx_word' id='word_1_470' title='bbox 347 4175 387 4222; x_wconf 92' lang='lat' dir='ltr'>the</span> <span class='ocrx_word' id='word_1_471' title='bbox 405 4174 544 4234; x_wconf 86' lang='lat' dir='ltr'>superfluous</span> <span class='ocrx_word' id='word_1_472' title='bbox 561 4173 598 4222; x_wconf 86' lang='lat' dir='ltr'>‘s&#39;</span> <span class='ocrx_word' id='word_1_473' title='bbox 618 4175 637 4222; x_wconf 86' lang='lat' dir='ltr'>is</span> <span class='ocrx_word' id='word_1_474' title='bbox 656 4175 742 4238; x_wconf 88' lang='lat' dir='ltr'>merely</span> <span class='ocrx_word' id='word_1_475' title='bbox 792 4173 887 4236; x_wconf 74' lang='lat' dir='ltr'>brutus)</span> <span class='ocrx_word' id='word_1_476' title='bbox 906 4176 1060 4224; x_wconf 79' lang='lat' dir='ltr'>&#39;Cordunctio</span> <span class='ocrx_word' id='word_1_477' title='bbox 1076 4186 1116 4224; x_wconf 92' lang='lat' dir='ltr'>tua</span> <span class='ocrx_word' id='word_1_478' title='bbox 1133 4191 1187 4225; x_wconf 87' lang='lat' dir='ltr'>cum</span> <span class='ocrx_word' id='word_1_479' title='bbox 1202 4176 1291 4240; x_wconf 77' lang='lat' dir='ltr'>collega</span> <span class='ocrx_word' id='word_1_480' title='bbox 1313 4190 1369 4223; x_wconf 83' lang='lat' dir='ltr'>con-</span> 
     </span>
     <span class='ocr_line' id='line_1_46' title="bbox 167 4238 1368 4304; baseline 0 -17"><span class='ocrx_word' id='word_1_481' title='bbox 167 4240 208 4288; x_wconf 90' lang='lat' dir='ltr'>the</span> <span class='ocrx_word' id='word_1_482' title='bbox 224 4242 347 4301; x_wconf 86' lang='lat' dir='ltr'>repetition</span> <span class='ocrx_word' id='word_1_483' title='bbox 364 4241 393 4288; x_wconf 83' lang='lat' dir='ltr'>of</span> <span class='ocrx_word' id='word_1_484' title='bbox 405 4239 446 4288; x_wconf 86' lang='lat' dir='ltr'>the</span> <span class='ocrx_word' id='word_1_485' title='bbox 463 4238 517 4285; x_wconf 80' lang='lat' dir='ltr'>final</span> <span class='ocrx_word' id='word_1_486' title='bbox 533 4239 601 4286; x_wconf 88' lang='lat' dir='ltr'>letter</span> <span class='ocrx_word' id='word_1_487' title='bbox 618 4240 646 4286; x_wconf 87' lang='lat' dir='ltr'>of</span> <span class='ocrx_word' id='word_1_488' title='bbox 658 4241 742 4301; x_wconf 72' lang='lat' dir='ltr'>‘parti</span> <span class='ocrx_word' id='word_1_489' title='bbox 790 4242 913 4303; x_wconf 87' lang='lat' dir='ltr'>cordiaque</span> <span class='ocrx_word' id='word_1_490' title='bbox 930 4250 1013 4298; x_wconf 89' lang='lat' dir='ltr'>vestra,</span> <span class='ocrx_word' id='word_1_491' title='bbox 1028 4257 1088 4304; x_wconf 90' lang='lat' dir='ltr'>quae</span> <span class='ocrx_word' id='word_1_492' title='bbox 1104 4242 1184 4290; x_wconf 88' lang='lat' dir='ltr'>litteris</span> <span class='ocrx_word' id='word_1_493' title='bbox 1206 4241 1368 4290; x_wconf 79' lang='lat' dir='ltr'>communibus</span> 
     </span>
     <span class='ocr_line' id='line_1_47' title="bbox 168 4303 1371 4372; baseline 0.002 -18"><span class='ocrx_word' id='word_1_494' title='bbox 168 4305 251 4354; x_wconf 69' lang='lat' dir='ltr'>sionis:</span> <span class='ocrx_word' id='word_1_495' title='bbox 296 4305 401 4353; x_wconf 78' lang='lat' dir='ltr'>Another</span> <span class='ocrx_word' id='word_1_496' title='bbox 423 4303 574 4368; x_wconf 86' lang='lat' dir='ltr'>meaningless</span> <span class='ocrx_word' id='word_1_497' title='bbox 602 4305 697 4369; x_wconf 88' lang='lat' dir='ltr'>reading</span> <span class='ocrx_word' id='word_1_498' title='bbox 723 4306 742 4353; x_wconf 90' lang='lat' dir='ltr'>is</span> <span class='ocrx_word' id='word_1_499' title='bbox 790 4306 905 4354; x_wconf 86' lang='lat' dir='ltr'>declarata</span> <span class='ocrx_word' id='word_1_500' title='bbox 932 4314 974 4364; x_wconf 87' lang='lat' dir='ltr'>est,</span> <span class='ocrx_word' id='word_1_501' title='bbox 996 4307 1133 4369; x_wconf 78' lang='lat' dir='ltr'>s.1&gt;.QR.</span> <span class='ocrx_word' id='word_1_502' title='bbox 1154 4307 1283 4372; x_wconf 85' lang='lat' dir='ltr'>gratissima</span> <span class='ocrx_word' id='word_1_503' title='bbox 1310 4306 1371 4356; x_wconf 81' lang='lat' dir='ltr'>aeci·</span> 
     </span>
     <span class='ocr_line' id='line_1_48' title="bbox 168 4369 840 4420; baseline 0.003 -3"><span class='ocrx_word' id='word_1_504' title='bbox 168 4369 459 4420; x_wconf 79' lang='lat' dir='ltr'>‘sententiasdandarum&#39;</span> <span class='ocrx_word' id='word_1_505' title='bbox 791 4371 840 4419; x_wconf 82' lang='lat' dir='ltr'>dit&#39;</span> 
     </span>
    </p>
   </div>
   <div class='ocr_carea' id='block_1_4' title="bbox 0 0 1511 4694">
    <p class='ocr_par' dir='ltr' id='par_1_4' title="bbox 0 0 1511 4694">
     <span class='ocr_line' id='line_1_49' title="bbox 0 0 1511 4694; baseline 0 0"><span class='ocrx_word' id='word_1_506' title='bbox 0 0 1511 4694; x_wconf 95' lang='lat' dir='ltr'> </span> 
     </span>
    </p>
   </div>
  </div>
 </body>
</html>
