2970 4698
102 265 131 320 ii
150 265 258 314 17-8L
413 261 585 324 ORATIO
613 263 891 328 PHILIPPICA
919 266 989 327 III.
1243 283 1303 348 115

93 435 139 478 an
162 437 214 501 ea,
234 437 318 502 quae
343 423 528 503 pertineant
550 423 589 487 ad
611 424 794 490 libertatem
817 427 926 510 populi
950 425 1093 490 Romani
1115 445 1301 511 recuperan-

93 519 191 584 dam?
219 541 356 606 quorum
381 526 590 590 consiliorum
613 528 747 594 Caesari
773 549 826 594 me
852 539 1015 596 auctorem
1042 541 1076 594 et
1101 531 1300 596 hortatorem

93 635 129 688 et
144 645 215 689 esse
230 637 265 690 et
280 627 381 692 fuisse
395 629 508 693 fateor.
552 631 758 720 Qamquam
772 634 828 697 ille
847 653 913 697 non
934 635 1023 718 eguit
1043 635 1182 700 consilio
1196 637 1301 700 cuius-

5 795 7 816 ,
92 749 204 813 quarn,
222 731 280 796 sed
298 741 412 796 tamen
429 745 621 819 currentem,
639 744 675 799 ut
695 737 825 821 dicitur,
844 739 993 802 incitavi.
1038 738 1130 803 Nam
1149 741 1301 802 interitus

92 833 228 915 quidem
254 834 305 898 tui
324 837 396 918 quis
422 837 524 901 bonus
548 857 615 903 non
638 849 724 904 esset
748 850 871 926 auctor,
895 861 970 906 cum
996 861 1036 906 eo
1060 843 1145 907 salus
1171 850 1206 907 et
1232 843 1329 916 vitas

92 939 215 1020 optimi
254 941 418 1024 cuiusque,
448 941 577 1006 libertas
614 943 722 1028 populi
757 944 900 1009 Romani
938 945 1142 1030 dignitasque
1178 947 1301 1010 consis-

5 1083 15 1152 γ
44 1043 213 1106 sotereti·
250 1041 313 1106 Sed
340 1063 415 1108 cum
444 1053 512 1109 tam
537 1049 639 1110 atroci
663 1047 772 1112 edicto
796 1068 855 1112 nos
879 1050 1123 1133 concitavisset,
1149 1069 1205 1112 cur
1230 1051 1300 1133 ipse

94 1165 163 1209 non
178 1130 310 1212 adfuit?
353 1146 447 1212 Num
467 1151 587 1234 putatis
607 1150 715 1234 aliqua
733 1171 767 1214 re
787 1153 874 1216 tristi
897 1171 934 1216 ac
952 1154 1088 1217 severa?
1109 1155 1301 1235 vino'atque

93 1251 203 1334 epulis
221 1260 378 1335 retentis,
396 1254 426 1316 si
446 1251 523 1316 illae
543 1253 654 1338 epulae
676 1255 783 1338 potius
804 1273 901 1338 quam
923 1257 1063 1340 popinae
1083 1256 1301 1320 nominandae

94 1364 183 1419 sint.
215 1353 317 1418 Diem
331 1355 431 1418 edicti
446 1357 537 1420 obire
552 1357 712 1441 neglexit:
734 1359 770 1421 in
784 1373 862 1422 ante
876 1359 964 1422 diem
978 1367 1125 1441 quartum
1139 1357 1302 1422 Kalendas
1316 1380 1347 1416 ιο

94 1459 297 1550 Decembres
310 1460 449 1524 distulit.
490 1462 613 1526 Adesse
627 1464 664 1525 in
678 1462 845 1544 Capitolio
859 1464 973 1525 iussit:
995 1462 1079 1545 quod
1095 1464 1131 1524 in
1145 1462 1301 1545 templum

94 1565 166 1647 ipse
183 1565 296 1626 nescio
309 1583 372 1646 qua
386 1583 442 1647 per
455 1563 623 1628 Gallorum
642 1566 827 1630 cuniculum
844 1565 1022 1630 adscendit.
1066 1564 1302 1630 Convenerunt

5 1737 7 1760 1
94 1669 271 1751 corrogati,
301 1677 336 1732 et
363 1667 495 1750 quidem
524 1670 626 1754 ampli
654 1670 788 1752 quidam
816 1669 976 1754 ioannes,
1006 1670 1061 1734 sed
1097 1671 1302 1734 immemores

93 1771 271 1856 dignitatis
296 1791 382 1836 suae.
434 1771 467 1836 ls
492 1774 583 1836 enim
612 1783 681 1837 erat
706 1773 789 1858 dies,
815 1793 855 1836 ea
881 1773 980 1858 firma,
1009 1775 1038 1838 is
1067 1774 1123 1857 qui
1152 1783 1301 1837 senatum

94 1885 243 1959 vocarat,
259 1883 295 1938 ut
308 1885 401 1960 turpe
415 1878 557 1940 senatori
573 1886 658 1940 esset
673 1877 757 1940 nihil
772 1878 898 1940 timere.
939 1877 991 1941 Ad
1006 1897 1061 1942 eos
1076 1885 1187 1942 tamen
1203 1879 1300 1961 ipsos,
1317 1904 1326 1938 ι
1331 1901 1344 1954 5

92 1981 152 2062 qui
174 1989 406 2062 convenerant,
421 2000 463 2043 ne
477 1980 611 2044 verbum
630 1979 762 2063 quidem
783 2001 877 2045 ausus
898 1990 948 2044 est
965 1981 1071 2046 facere
1091 1982 1132 2044 de
1149 1978 1301 2064 Caesare,

93 2102 172 2146 cum
197 2083 239 2146 de
267 2102 306 2145 eo
326 2085 551 2148 constituisset
572 2085 669 2148 adse
711 2093 784 2157 tum
810 2087 946 2149 referre:
972 2087 1124 2170 scriptam
1150 2085 1301 2149 attulerat

48 2205 81 2250 ιι
93 2186 276 2251 consularis
292 2186 423 2270 quidam
442 2105 714 2306 sententiamsa
755 2187 785 2252 'd
804 2197 854 2252 est
873 2189 959 2253 aliud
979 2189 1020 2253 de
1038 2209 1077 2252 eo
1097 2189 1213 2252 referre
1236 2208 1300 2251 non

5 2295 13 2328 r
94 2291 227 2374 audere,
243 2291 300 2374 qui
320 2299 433 2366 contra
453 2311 488 2354 se
508 2291 673 2354 consulem
694 2293 869 2355 exercitum
890 2291 1030 2376 duceret,
1052 2293 1118 2354 nisi
1138 2312 1173 2356 se
1195 2293 1302 2375 ipsum

5 2463 6 2482 χ
95 2395 224 2458 hostem
250 2392 416 2457 iudicare?
459 2391 604 2457 Necesse
631 2402 699 2456 erat
725 2395 815 2458 eninr
844 2393 1031 2458 alterutrum
1057 2413 1127 2458 esse
1152 2392 1301 2476 hostem5
1315 2421 1347 2458 ιο

5 2571 9 2596 .
96 2519 158 2564 nec
176 2504 304 2582 poterat
318 2496 414 2560 aliter
428 2497 468 2560 de
483 2496 674 2560 adversariis
689 2497 824 2561 iudicari
840 2497 982 2562 ducibus.
1018 2496 1051 2561 Si
1069 2497 1166 2580 igitur
1181 2494 1301 2561 Caesar

95 2604 212 2686 hostis,
241 2622 297 2666 cur
321 2600 432 2664 consul
460 2601 542 2664 nihil
569 2601 684 2664 referat
707 2601 747 2664 ad
771 2602 943 2666 senatum?
973 2601 1027 2664 sin
1058 2599 1113 2663 ille
1142 2619 1162 2662 a
1187 2607 1301 2662 senatu

133 2863 253 2924 th
287 2861 465 2923 pertineant,⁹
487 2860 560 2909 ‘such
582 2875 609 2908 ar
637 2876 675 2909 rre
725 2861 837 2923 Livy43.
852 2857 1216 2908 1o·1nantediesocuvumet
1233 2859 1302 2918 septi·

87 2929 227 2981 commod
239 2928 296 2974 with
307 2927 349 2974 the
359 2941 468 2989 recovcry
480 2928 509 2974 os
521 2941 564 2973 our
575 2926 674 2988 uberry!
725 2941 789 2973 mum
803 2925 858 2975 Kal.
874 2925 935 2974 Oct.¹
969 2924 1023 2973 The
1039 2925 1170 2985 expression
1185 2938 1228 2972 eun
1244 2939 1303 2972 even

97 2997 128 3042 So
140 2997 220 3050 Halm,
232 2994 293 3040 from
309 2992 349 3040 the
361 3002 454 3054 corrupt
471 2992 569 3040 Vaticau
580 2993 675 3056 reading
725 2993 755 3039 be
766 2992 821 3040 used
833 3007 858 3040 ar
869 2992 910 3039 the
925 2991 1042 3053 predicate
1056 2991 1111 3037 oss
1127 2999 1241 3045 semme,
1253 2990 1302 3037 Cic.

5 3057 17 3109 ’ἱ
97 3060 269 3122 ‘perdurenat'
308 3058 395 3122 Vulg.¹
402 3058 539 3118 pertinent;'
556 3059 599 3105 but
618 3057 637 3105 it
656 3059 674 3106 ir
725 3059 778 3105 Cat.
798 3070 819 3106 1.
840 3069 863 3119 3,
883 3067 897 3120 7
918 3058 981 3118 ‘Qui
999 3058 1047 3105 dier
1066 3056 1155 3104 iuturus
1173 3063 1302 3104 onerante

98 3137 140 3176 not
159 3125 286 3174 individual
308 3125 419 3179 consen.
442 3125 485 3172 but
506 3123 547 3172 tlre
569 3121 627 3170 kind
649 3123 678 3171 oi
726 3125 787 3171 diem
804 3133 894 3172 sextum
907 3123 960 3170 Kal.
974 3123 1044 3172 Nor!
1079 3123 1120 3170 See
1138 3121 1225 3170 Hand's
1242 3121 1302 3168 Tur·

97 3193 200 3252 oounrel.
212 3191 265 3240 that
276 3191 359 3238 Cicero
369 3189 531 3253 irrpecit'ying.
726 3189 825 3244 sellium,
840 3201 862 3236 1.
874 3187 921 3251 378
933 3190 982 3236 soll.

131 3259 341 3320 4Currentem
360 3256 490 3312 incitavi,
511 3255 675 3316 ‘lrpurredr
762 3265 800 3302 12.
817 3255 967 3302 Gallorum
995 3253 1166 3302 cuniculum.
1205 3254 1302 3314 cppro

5 3353 6 3366 r
97 3325 185 3388 mining
196 3324 279 3371 horu!
726 3321 796 3367 eaec.
808 3332 848 3380 3ο,
864 3319 897 3367 88
915 3321 986 3366 ‘Non
1003 3335 1044 3368 eor
1057 3320 1082 3366 in
1099 3319 1238 3374 cuniculum,
1256 3334 1302 3380 qua

131 3405 155 3454 5.
172 3391 220 3438 Eo.
252 3389 474 3448 Seeon2.2a.53.
726 3384 826 3449 aggressi
848 3393 919 3440 eram,
941 3387 980 3434 red
1003 3387 1026 3433 in
1048 3385 1189 3448 Capitolium
1211 3385 1302 3434 restitui

131 3455 156 3506 6.
174 3455 286 3516 Optimi
308 3452 452 3514 cuiusque.
491 3451 676 3508 Seeon1.1a,
726 3451 857 3511 oporteret!
892 3449 945 3498 The
961 3460 1060 3500 account
1076 3451 1306 3515 givenbyLivyoi

99 3537 139 3588 ²9·
622 3513 628 3528 ⁸
727 3517 768 3564 the
778 3525 878 3577 attpt
888 3531 950 3578 upon
966 3517 1006 3565 the
1022 3518 1115 3578 Capitol
1131 3518 1163 3578 by
1179 3517 1220 3563 tlte
1230 3516 1304 3564 Gaulo

131 3603 158 3654 9.
176 3587 323 3635 Retentus.
357 3585 394 3632 Sc.
410 3582 571 3632 ‘nonadfuit'
608 3583 676 3630 Some
726 3589 769 3630 not
787 3582 842 3643 only
860 3581 942 3634 makes
959 3599 991 3630 no
1007 3583 1111 3630 mention
1127 3584 1155 3628 oi
1169 3597 1215 3644 any
1232 3581 1303 3635 mine,

100 3655 167 3702 MSS,
177 3651 344 3712 unneccssatily
354 3649 400 3698 add
412 3648 476 3698 ‘est'
727 3649 768 3696 but
787 3647 805 3695 is
822 3648 984 3710 incompatibie
1003 3648 1061 3696 with
1077 3648 1117 3695 the
1135 3647 1186 3694 ides
1205 3647 1234 3693 oi
1250 3661 1304 3694 one·

135 3731 174 3768 10.
190 3718 273 3765 Diem
284 3717 371 3766 obire.
405 3715 677 3776 Asweray.¹tomeet
726 3713 926 3777 SoeLivys.47.

99 3782 315 3850 hisengagement!
348 3778 677 3843 Cp.Att·13.14.1‘0bire
762 3779 800 3828 18.
817 3779 891 3840 Quid
912 3787 953 3828 eet
970 3776 1248 3826 aliud...iudicare.
1276 3777 1303 3825 lu

99 3850 210 3901 undonis
220 3849 282 3896 diem
293 3847 357 3896 isole
365 3846 506 3908 potuerunt!
727 3853 788 3892 mort
801 3844 866 3892 Mss.
877 3843 918 3892 the
929 3845 1004 3892 words
1021 3843 1079 3892 ‘nisi
1089 3859 1113 3892 se
1125 3844 1199 3904 ipsum
1211 3845 1302 3892 hostem

5 3959 8 3980 ,
134 3919 165 3966 ln
201 3924 267 3964 ente
311 3913 392 3962 diem.
455 3909 508 3958 'flue
546 3912 677 3972 expression
727 3910 832 3958 iudicare’
843 3910 1001 3973 immediately
1013 3909 1173 3971 follow¹quld
1182 3919 1217 3957 ert
1225 3909 1302 3964 aliud:

100 3992 170 4032 ‘ente
193 3981 255 4029 diem
277 3989 385 4043 quartum
407 3975 534 4028 Kalendas·
555 3977 627 4040 (ineis
641 3987 677 4026 et·
726 3978 769 4024 but
785 3976 826 4024 the
842 3975 909 4023 order
925 3976 949 4022 in
966 3977 1006 4024 the
1022 3985 1073 4024 text
1089 3975 1108 4022 is
1124 3983 1166 4023 not
1183 3975 1239 4037 only
1250 3975 1303 4022 that

100 4048 190 4098 nacted
208 4048 269 4094 from
291 4045 332 4094 the
349 4057 431 4106 proper
448 4041 604 4090 construction
625 4043 677 4091 ‘die
726 4041 755 4090 os
766 4041 807 4090 tlre
818 4041 915 4089 vatican
933 4042 991 4098 MS..
1008 4043 1050 4090 but
1067 4042 1116 4088 also
1133 4041 1184 4089 that
1201 4050 1262 4088 most
1280 4041 1303 4086 in

100 4111 389 4178 quartoanteKaleodu')
398 4106 677 4157 cametobeloolredon
726 4109 868 4156 accordante
893 4108 950 4155 with
976 4107 1075 4156 Cicero'r
1095 4121 1173 4170 usage.
1199 4105 1256 4182 Ι(ἲῃ.
1274 4105 1302 4150 de

101 4175 682 4304 exitiosissimum:
727 4171 1303 4297 ardurmensul.

105 4321 168 4375 17.1
190 4311 258 4360 ‘Nec
275 4309 332 4358 varii
350 4307 442 4370 (nuntii)
457 4315 566 4354 renuant
580 4321 610 4354 ex
624 4315 677 4354 ente
727 4305 813 4354 narei·

103 4377 162 4426 diem
181 4377 244 4424 Non.
261 4377 312 4425 lun.
330 4388 399 4435 usque
413 4372 510 4431 sdprid.
527 4371 676 4426 Kal.Sext.;’
762 4383 800 4418 aa.
817 4370 944 4424 Referat.
967 4368 1037 4427 ‘why
1048 4380 1095 4412 war
1111 4365 1141 4410 he
1153 4371 1179 4410 to
1189 4363 1260 4408 make
1272 4377 1302 4408 no

995 4460 1041 4506 12

1253 4607 1384 4666 A
