2998 4706
148 205 211 272 208
486 211 537 271 M.
567 211 728 272 TULLII
755 209 1010 274 CICERONIS
1188 222 1352 278 oss-10.

148 369 296 434 vincias
317 371 554 434 obtinebunt.
599 371 706 436 Huius
727 373 872 436 comitiis
894 373 933 438 C
956 371 1166 436 frater-cius
1184 378 1233 432 cst
1255 369 1349 430 enim

145 475 359 538 annus-iam
386 476 544 560 repulsam
570 475 656 539 tulit.
710 474 793 560 lpse
819 486 1007 540 autemut
1032 474 1403 559 quinquenniurrgiss
1485 463 1495 476 ’

148 577 266 660 inquit,
294 579 497 642 obtineam.
557 580 603 643 At
632 579 718 643 istud
747 589 837 643 vetat
868 581 918 644 lex
950 579 1111 662 Caesaris,
1141 589 1174 641 ct
1202 587 1238 641 tu
1272 584 1350 650 acta

144 677 295 746 Caesaris
314 681 472 746 defendis.

116 803 133 856 s
190 785 285 850 Haec
298 797 334 850 tu
349 787 511 866 mandata,
525 785 561 850 L.
575 785 661 869 Piso,
676 796 710 849 ct
723 795 770 871 tu,
786 785 823 850 L
835 785 994 872 Philippc,
1010 789 1173 873 principes
1188 785 1348 861 civitatis,
1361 771 1424 836 10

148 911 214 954 non
240 891 315 954 dico
340 891 452 952 animo
476 889 571 972 ferre,
598 909 708 952 verum
734 891 860 954 auribus
885 893 1029 976 accipere
1053 892 1229 976 potuistis?
1273 889 1349 972 Sed,
1494 889 1495 892 ’

147 1003 183 1058 ut
205 995 362 1078 suspicor,
385 1003 486 1056 terror
512 1003 581 1057 erat
605 993 756 1076 quidam:
790 1013 850 1058 nec
877 1014 935 1058 vos
959 1007 994 1060 ut
1020 997 1120 1080 legati
1146 996 1228 1080 apud
1254 994 1349 1056 illum

147 1097 256 1160 fuistis
278 1116 338 1161 nec
361 1105 397 1159 ut
418 1097 611 1181 consulares,
631 1117 691 1162 nce
713 1117 771 1162 vos
793 1107 934 1162 vestram
957 1120 1017 1164 nec
1039 1101 1254 1184 reipublicae
1276 1097 1349 1181 dig-

148 1203 286 1264 nitatem
311 1210 421 1264 tenere
444 1202 605 1286 potuistis.
650 1199 692 1264 Et
715 1210 826 1265 tamen
850 1205 962 1266 nescio
985 1223 1048 1287 quo
1069 1213 1163 1287 pacto
1186 1205 1349 1286 sapientia

104 1317 135 1356 ¹0
147 1307 294 1390 quadam,
308 1305 414 1389 credo,
429 1304 511 1388 quod
534 1323 593 1388 ego
611 1324 677 1366 non
699 1325 837 1390 possem,
853 1325 918 1370 non
937 1309 1036 1372 nimis
1058 1309 1131 1372 irati
1156 1308 1347 1371 revertistis.

147 1409 248 1476 Vobis
270 1407 320 1474 M.
337 1409 501 1472 Antonius
524 1409 604 1470 nihil
628 1409 754 1488 tribuit,
776 1410 965 1474 clarissimis
987 1413 1078 1495 viris,
1101 1412 1214 1495 legatis
1237 1411 1347 1494 populi

147 1515 311 1580 Romani:
333 1533 392 1578 nos
412 1512 490 1596 quid
513 1531 578 1575 non
602 1511 708 1595 legato
723 1510 772 1575 M.
789 1513 927 1576 Antonii
946 1513 1082 1601 Cotylae
1104 1515 1349 1579 concessimus?

147 1619 211 1685 Cui
236 1627 342 1703 portas
367 1617 461 1680 huius
490 1617 577 1678 urbis
603 1625 711 1698 patere
737 1617 787 1678 ius
811 1637 876 1680 non
900 1629 979 1700 crat,
1005 1620 1080 1683 huic
1105 1621 1165 1683 hoc
1190 1619 1349 1702 templum

148 1723 265 1808 patuit,
288 1723 362 1784 huic
383 1721 490 1784 aditus
515 1721 551 1782 in
573 1729 719 1782 senatum
745 1719 820 1804 fuit,
842 1720 896 1784 hic
917 1721 1068 1786 hesterno
1089 1722 1142 1786 die
1168 1724 1350 1787 sententias

104 1837 134 1891 tt
148 1835 270 1890 vestras
300 1825 334 1886 in
364 1823 530 1888 codicillos
560 1833 593 1886 et
622 1823 734 1886 omnia
760 1824 856 1886 verba
884 1825 1053 1909 referebat,
1080 1827 1155 1891 huic
1183 1847 1217 1890 se
1243 1829 1349 1890 etiam

147 1930 282 1995 summis
307 1927 480 1990 honoribus
503 1928 553 1990 usi
580 1935 694 1990 contra
716 1944 807 1990 suam
831 1927 1025 2012 dignitatem
1048 1929 1269 1994 venditabant.
1314 1930 1348 1994 Ο
1361 1935 1399 1982 ²⁰
1494 1975 1495 1988 .

147 2033 180 2097 di
204 2031 421 2096 immortales!
443 2049 538 2114 quam
562 2048 714 2114 magnum
736 2039 785 2093 est
808 2049 975 2114 personam
1002 2033 1092 2095 inre
1115 2034 1241 2118 publica
1262 2037 1346 2098 tueri

148 2135 323 2224 principis!
345 2154 426 2218 quae
441 2152 508 2197 non
523 2134 644 2197 animis
664 2132 766 2196 solum
785 2133 893 2219 debet,
907 2135 964 2199 scd
984 2137 1083 2200 etiam
1104 2138 1206 2202 oculis
1225 2140 1348 2202 servire

147 2243 280 2308 civium.
323 2239 466 2304 Domum
484 2237 625 2321 recipere
644 2236 784 2323 legatum
804 2237 957 2323 hostium,
974 2241 1009 2301 in
1030 2241 1210 2305 cubiculum
1229 2243 1347 2306 admit-

103 2357 227 2430 ²⁰terc,
249 2346 350 2409 etiam
372 2341 521 2406 seducere
544 2341 686 2404 hominis
708 2347 757 2403 est
781 2339 865 2403 nihil
890 2341 930 2404 de
954 2341 1124 2428 dignitate,
1145 2347 1282 2434 nimium
1305 2346 1345 2409 dc

148 2451 288 2536 periculo
303 2447 486 2532 cogitantis.
519 2443 615 2532 Qod
630 2453 740 2506 autem
755 2452 805 2506 est
819 2446 1012 2528 periculum?
1034 2465 1109 2510 nam
1125 2450 1153 2512 si
1170 2451 1345 2512 maximum

183 2689 205 2725 t.
224 2677 309 2725 lluius
334 2673 465 2725 comitiis.
485 2669 532 2730 ‘by
548 2668 584 2716 his
606 2665 674 2714 mode
697 2665 725 2712 ot
771 2665 829 2722 sius:
846 2668 885 2729 qui
905 2683 958 2716 curn
978 2683 1053 2718 essent
1070 2674 1141 2729 missi.
1153 2685 1178 2722 ut
1196 2677 1299 2724 Antonio
1316 2693 1346 2732 es

148 2741 300 2806 detennining
318 2739 359 2788 the
376 2737 481 2790 election.
498 2735 528 2782 he
550 2741 641 2794 accepts
661 2743 721 2778 ata
771 2741 861 2780 senatos
884 2739 996 2782 sententia
1024 2749 1097 2785 certas
1119 2755 1154 2787 res
1179 2741 1346 2798 denuntiator,

148 2811 259 2872 loregone
275 2805 406 2854 conclusion
423 2803 463 2850 the
479 2801 556 2848 defeat
572 2798 600 2846 oi
617 2797 652 2845 his
669 2798 722 2844 bro-
771 2811 824 2844 cunr
839 2799 875 2845 ille
893 2815 971 2848 earum
992 2817 1066 2849 rerum
1085 2805 1140 2852 nulli
1157 2808 1274 2866 paruisset,
1286 2809 1346 2856 ntro

148 2875 216 2923 then'
250 2873 278 2920 C.
292 2871 405 2920 Antonius
416 2868 462 2916 had
474 2867 531 2914 been
544 2879 557 2912 a
569 2865 685 2927 collcague
696 2861 725 2909 ol
771 2864 801 2910 ab
819 2865 858 2911 illo
875 2865 904 2911 ad
919 2881 962 2912 nos
982 2867 1133 2918 intolerabilia
1150 2875 1265 2932 ponulsta
1277 2883 1346 2922 rettu-

149 2942 230 2988 Brutus
246 2939 290 2986 and
307 2937 398 2985 Cassius
414 2934 438 2981 in
454 2933 494 2980 the
510 2930 659 2992 praetorship.
676 2928 721 2974 and
771 2928 860 2976 lemni!

148 3007 224 3054 would
234 3004 348 3052 therefore
359 2998 512 3061 naturallybe
528 2995 674 3044 scandidate
686 2993 721 3040 tor
806 3006 843 3044 to.
855 2997 916 3044 Non
932 2999 1013 3046 nimis
1028 3001 1100 3048 irati.
1129 3001 1345 3052 TheVaticanMS.

147 3071 188 3120 the
199 3069 329 3130 consulship
345 3069 368 3114 in
385 3066 425 3114 the
441 3079 503 3112 same
514 3077 576 3126 year,
587 3061 633 3108 and
650 3059 722 3108 hence
771 3061 842 3108 omits
853 3061 893 3108 the
907 3076 937 3110 ne
953 3065 1021 3120 ative,
1034 3067 1075 3114 hut
1088 3067 1107 3114 it
1119 3083 1192 3115 seems
1203 3071 1309 3118 essential
1319 3079 1345 3117 to

147 3137 183 3184 his
202 3136 304 3195 brother,
324 3136 355 3194 hy
373 3131 488 3196 assuming
503 3129 555 3176 that
574 3129 657 3174 Brutus
677 3125 721 3172 and
771 3124 811 3172 the
826 3141 897 3175 sense.
932 3078 985 3176 'lhe
1001 3145 1087 3194 envoys
1102 3132 1147 3180 bad
1165 3134 1205 3181 the
1222 3137 1346 3182 command

147 3203 238 3250 Cassiis
255 3200 330 3248 would
348 3200 376 3245 be
392 3197 496 3251 consuls,
515 3195 599 3242 admits
613 3192 652 3240 the
670 3206 722 3253 pro·
775 3205 830 3239 ovea
854 3193 913 3241 their
936 3203 1034 3255 temperi
1057 3197 1132 3246 which
1155 3215 1201 3246 was
1219 3201 1290 3248 called
1311 3202 1346 3248 lor

148 3267 244 3328 bability
255 3267 283 3312 ol
290 3265 325 3312 his
335 3263 418 3312 defeat.
771 3257 803 3319 by
813 3273 827 3304 a
838 3258 892 3306 wisc
903 3259 1034 3309 dimetion.

180 3321 722 3384 c.10.IIemmettadt0uI⁰tmsIPntip
806 3324 978 3374 Revertistis.
1019 3327 1071 3376 One
1100 3329 1150 3377 MS.
1178 3330 1219 3378 has
1248 3332 1346 3380 ‘mversi

144 3405 188 3458 pru
199 3395 268 3443 could
277 3409 302 3441 so
314 3392 396 3451 tnmsly
406 3390 477 3453 suffer
486 3388 541 3436 sacis
552 3386 656 3451 afli-om.
675 3385 722 3434 rs·
770 3389 838 3445 estis:
850 3390 892 3438 but
903 3389 943 3438 the
959 3393 1031 3440 active
1049 3395 1109 3442 form
1125 3396 1154 3442 ol
1167 3396 1208 3444 the
1224 3397 1311 3458 perfect
1328 3399 1346 3444 is

147 3461 229 3514 mered
244 3460 362 3508 &vatter
378 3457 408 3518 os
418 3453 578 3502 ambussadore
599 3451 648 3500 hod
669 3451 720 3499 beers
770 3454 1234 3526 usualinauthorsoftheantc-Augustan
1243 3463 1329 3523 period.

119 3529 123 3546 ⁸
147 3527 246 3574 insultari
254 3527 302 3573 ine
314 3520 492 3570 mutiet
507 3518 544 3565 the
557 3527 631 3564 mute
643 3517 722 3564 would
807 3532 844 3581 13.
864 3522 906 3569 lus
927 3537 979 3569 non
1000 3537 1072 3574 erat:
1091 3526 1121 3572 he
1133 3528 1201 3592 being
1217 3543 1248 3576 ou
1263 3539 1345 3575 atres·

147 3603 188 3640 not
197 3590 335 3639 easdam
340 3598 364 3636 to
375 3588 520 3635 inritatam
528 3582 629 3630 towards
640 3597 654 3628 a
666 3597 721 3629 mnu
771 3586 866 3633 sonable
876 3587 965 3640 errand,
977 3603 1001 3636 as
1012 3605 1026 3637 a
1037 3591 1137 3638 ιηῑωὴ
1148 3605 1284 3658 mmm,

146 3657 192 3706 liis
202 3657 289 3717 tbtyln
322 3650 540 3702 Htwatudmilltd
548 3657 571 3696 1⁰
586 3649 721 3702 &mut
806 3663 843 3712 15.
862 3653 1049 3704 venditabant
1069 3672 1105 3711 se,
1125 3659 1197 3705 ‘tried
1214 3669 1241 3706 to
1257 3674 1345 3706 remm-

147 3723 233 3771 esrtoin
255 3721 374 3770 eostalm
399 3734 452 3766 esen
480 3716 567 3764 treated
592 3715 639 3763 tim
666 3715 721 3762 with
770 3719 839 3764 mend
862 3716 1013 3774 narsetum:
1033 3736 1057 3768 ss
1080 3724 1222 3772 asalesmn
1243 3725 1345 3788 showing

140 3789 246 3851 friendly
256 3785 394 3847 hospitality,
408 3785 489 3847 letting
497 3782 721 3844 thrirsrnrsmuster
770 3781 806 3828 oli
819 3783 853 3830 his
876 3784 963 3848 goods;
985 3798 1021 3844 cp.
1041 3801 1083 3847 pro
1105 3787 1159 3836 Sull.
1180 3801 1217 3846 to,
1241 3803 1270 3852 31
1295 3791 1345 3837 ‘lta

148 3855 200 3904 tou
222 3855 280 3902 their
300 3851 350 3899 low
368 3851 399 3912 os
415 3850 494 3908 liberty
516 3849 566 3896 and
586 3847 644 3894 their
665 3846 720 3906 duty
770 3847 820 3895 illos
831 3849 949 3897 audituros
960 3851 1042 3911 quibus
1054 3855 1236 3903 serenditabat⁰

146 3912 722 3978 tmsordstbestott,nndsniiingtoprofitbytbs
807 3925 843 3976 17.
868 3916 1014 3964 Personam
1039 3919 1109 3968 tueri
1135 3922 1279 3982 principis.
1303 3928 1345 3968 ‘to

147 3986 251 4047 mmple
267 3984 297 4045 os
309 3981 362 4030 eseli
381 3997 431 4028 men
447 3996 474 4027 ns
492 3979 654 4057 QSeosuolo.
669 3978 720 4026 who
770 3981 853 4027 sustain
872 3979 913 4027 the
929 3981 1047 4031 character
1066 3985 1093 4031 of
1108 3998 1121 4031 a
1140 3987 1230 4049 leading
1244 3986 1345 4035 citizen!

147 4053 243 4116 thought
261 4065 292 4097 no
307 4049 375 4110 patus
390 4061 418 4094 or
433 4046 542 4105 παίδων
559 4055 596 4093 too
612 4053 682 4108 great
696 4043 719 4090 in
769 4043 887 4094 See0n6.
902 4058 958 4101 Μ.

146 4113 481 4180 lobouriugsortbscommos
490 4111 561 4174 good.
805 4125 842 4159 so.
862 4112 1002 4168 Seducere,
1015 4121 1056 4162 ‘to
1068 4114 1124 4164 talte
1135 4116 1196 4164 aeide
1211 4117 1246 4164 lor
1257 4119 1344 4178 private

181 4196 205 4246 5.
224 4185 298 4232 llaec
315 4191 344 4228 tu
364 4179 498 4232 mandata.
515 4175 560 4223 &c
602 4175 721 4222 Manutius
769 4178 943 4224 conuersation.¹
985 4179 1027 4240 Cp.
1046 4181 1095 4228 Att.
1115 4193 1137 4241 5.
1157 4194 1196 4238 at.
1220 4194 1247 4230 ta
1269 4184 1343 4231 ‘Cum

146 4265 265 4310 compares
280 4247 346 4294 Fam.
364 4256 401 4291 12.
416 4255 462 4302 4,1
483 4241 561 4288 'Niltil
578 4248 656 4287 autem
674 4241 721 4286 ioc-
770 4241 827 4286 baec
846 4241 1005 4298 (inseruissem,
1023 4245 1108 4292 seducit
1122 4261 1160 4292 mc
1178 4247 1293 4307 Scaptium
1311 4249 1344 4296 cit

147 4316 197 4360 dius
208 4315 314 4372 Philippo
324 4319 346 4356 et
358 4309 447 4361 Pisone.
456 4307 544 4368 legatis,
555 4304 611 4350 nihil
621 4303 721 4364 flagitio·
769 4318 793 4349 se
805 4303 860 4350 nihil
871 4313 950 4353 contra
962 4307 1052 4354 dicere!
