2998 4706
163 249 227 318 204
503 235 554 298 M.
583 235 746 298 rurrrr
771 231 1026 298 crcnnonrs
1218 249 1369 304 aaa.

160 395 268 460 dolore
290 397 413 460 animi:
439 397 605 460 neminem
628 397 677 459 illi
700 397 828 459 civitati
852 395 1022 457 inimicum
1046 413 1116 456 esse
1138 393 1284 476 arbitror,
1306 393 1366 476 qui

160 501 284 564 amicus
306 500 380 564 huic
402 501 447 564 sit
468 500 607 563 civitati.
652 499 841 584 Excogitare
861 518 942 583 quae
965 509 1020 562 tua
1043 499 1127 560 ratio
1146 499 1203 580 sit,
1224 497 1364 579 Calene,

161 623 226 668 non
253 623 390 688 possum.
436 604 544 668 Antea
568 604 726 668 deterrere
752 614 787 667 te
812 623 853 666 ne
879 602 1040 688 popularis
1066 622 1152 665 esses
1180 620 1246 664 non
1272 609 1365 684 pote·

161 727 285 772 ramus:
308 727 437 772 exorare
452 728 538 771 nunc
557 718 593 772 ut
608 709 653 771 sis
674 708 833 792 popularis
852 727 917 771 non
938 725 1113 792 possumus.
1156 706 1241 770 Satis
1261 704 1365 767 multa

132 831 234 886 scum
256 811 344 876 Furio
366 831 403 875 ac
421 813 492 875 sine
514 811 590 874 odio
611 812 733 895 omnia,
755 810 837 874 nihil
859 813 931 874 sine
948 810 1068 873 dolore.
1111 809 1218 874 Credo
1240 817 1364 892 autem,

159 917 214 998 qui
250 917 360 1000 generi
395 914 569 998 querellam
606 914 770 980 moderate
807 913 901 998 ferat,
938 933 1040 996 aequo
1075 915 1187 976 animo
1224 912 1364 974 laturum

160 1019 271 1083 amici.
1475 1041 1492 1094 y

203 1124 310 1189 Venio
330 1123 369 1186 ad
391 1123 528 1206 reliquos
543 1123 737 1207 consulares,
755 1143 888 1208 quorum
910 1141 1008 1187 nemo
1022 1124 1183 1186 est-iure
1204 1121 1264 1184 boc
1287 1125 1403 1194 meo?

159 1229 354 1312 dico-quin
382 1247 507 1292 mecum
534 1228 648 1290 habeat
673 1228 815 1310 aliquam
841 1228 1107 1290 coniunctionem
1132 1226 1272 1308 gratiae3
1302 1225 1420 1288 aliiao

117 1355 148 1390 lo
160 1333 346 1416 maximam,
369 1330 426 1394 alii
450 1330 655 1414 mediocrem,
679 1349 775 1394 nemo
797 1330 928 1394 nullam.
972 1330 1080 1418 Quam
1102 1331 1267 1393 hesternus
1290 1329 1363 1391 dies

160 1437 265 1520 nobis,
291 1434 509 1500 consularibus
535 1433 621 1517 dic0,
647 1435 749 1518 turpis
778 1434 903 1498 illuxit!
939 1434 1056 1496 iterum
1083 1434 1227 1517 legatos?
1259 1431 1365 1515 quid?

159 1543 189 1604 si
210 1540 264 1603 ille
287 1541 406 1604 faceret
427 1537 597 1602 inducias?
640 1536 729 1602 Ante
748 1556 785 1600 os
802 1539 972 1621 oculosque
994 1537 1169 1622 legatonrm
1186 1536 1364 1599 tormentis

159 1643 327 1707 Mutinam
353 1643 559 1724 verberavit,
588 1660 667 1724 opus
691 1641 882 1704 ostendebat
912 1642 1190 1723 munitionemque
1219 1639 1364 1723 legati53

160 1767 201 1810 ne
228 1753 381 1830 punctum
406 1745 536 1828 quidem
562 1746 729 1828 temporis,
755 1764 828 1808 cum
855 1745 951 1830 legati
978 1745 1139 1828 adessent,
1164 1745 1363 1828 oppugnatio

116 1871 144 1920 η
159 1851 341 1933 respiravit.
394 1848 447 1913 Ad
473 1849 557 1912 hunc
584 1847 733 1932 legatos?
762 1849 841 1914 cur?
871 1868 913 1911 an
940 1859 975 1912 ut
1000 1867 1109 1912 eorum
1132 1849 1239 1912 reditu
1264 1847 1364 1910 vehe-

159 1953 300 2016 mentius
323 1952 581 2035 pertimescatis?
626 1950 783 2034 Equidem
804 1961 974 2016 mimante
996 1952 1118 2035 legatos
1140 1951 1269 2014 decerni
1293 1969 1362 2013 non
1375 1971 1412 2018 at

159 2057 366 2140 censuissem,
381 2055 441 2119 hoc
465 2073 517 2118 me
532 2063 643 2118 tamen
665 2055 863 2139 consolabar,
878 2055 973 2139 quod,
988 2075 1062 2119 curn
1085 2055 1134 2118 illi
1158 2056 1198 2118 ab
1213 2056 1363 2119 Antonio

159 2161 338 2243 contempti
361 2167 396 2222 et
417 2159 530 2222 reiecti
553 2161 761 2222 revertissent
783 2160 1117 2241 renuntiavissentque
1142 2158 1268 2222 senatui
1294 2177 1362 2221 non

159 2263 255 2327 modo
277 2263 368 2326 illum
390 2262 431 2326 de
454 2261 565 2326 Gallia
590 2281 657 2326 non
680 2263 878 2346 discessisse,
905 2270 941 2326 ut
966 2264 1212 2346 censuissemus,
1236 2261 1291 2324 sed
1318 2281 1362 2322 ne

116 2393 147 2428 ιο
158 2387 178 2430 a
191 2367 325 2432 Mutina
343 2364 473 2449 quidem
488 2365 668 2448 recessisse,
685 2373 878 2449 potestatem
897 2367 960 2430 sibi
976 2367 1019 2430 D.
1036 2365 1123 2430 Bruti
1141 2364 1359 2429 conveniendi

158 2490 225 2535 non
240 2470 350 2554 fuisse,
366 2469 449 2532 foret
463 2479 499 2532 ut
513 2488 627 2532 omnes
648 2469 841 2533 inflammati
863 2469 950 2554 odio,
966 2471 1099 2534 excitati
1120 2469 1228 2533 dolore
1247 2470 1359 2552 armis,

159 2724 212 2774 The
228 2723 284 2770 later
301 2721 365 2770 MSS
384 2721 453 2768 insert
468 2719 519 2768 ‘ut'
536 2717 614 2768 before
626 2719 735 2776 ‘omnia‚'
781 2720 950 2782 propendent.-
967 2719 1017 2767 eard
1025 2719 1084 2767 rbere
1096 2729 1133 2767 roo
1147 2718 1268 2782 rhedae'eg
1277 2733 1307 2765 reo
1317 2717 1360 2766 lese

159 2791 200 2837 bnt
211 2789 252 2836 the
266 2788 393 2850 asyndeton
410 2787 429 2834 is
440 2787 481 2834 lete
498 2788 579 2846 abrupt
596 2785 617 2832 ii
624 2800 660 2832 ree
676 2784 735 2833 bave
784 2787 840 2834 rbere
853 2786 890 2833 ebe
904 2786 999 2833 reward
1013 2785 1044 2846 os
1050 2800 1101 2832 mera
1117 2785 1168 2832 reba
1182 2784 1256 2844 really
1267 2784 1361 2831 meriud

159 2855 278 2916 eaprnaed
290 2868 304 2899 a
315 2853 386 2900 direct
397 2853 474 2912 obiect
485 2852 513 2899 oi
522 2850 604 2898 'dien'
784 2853 907 2907 execution,
926 2851 1102 2910 ἱιιὼπηὲιγίον
1121 2849 1157 2897 all
1173 2849 1256 2914 ilteget
1273 2851 1359 2896 oetion

191 2935 216 2983 4.
235 2919 377 2980 Popularia
390 2916 603 2965 iahereuaedrrith
615 2931 628 2964 a
640 2916 736 2978 playon
785 2918 844 2964 doru
861 2916 888 2975 by
905 2916 1001 2978 Menaeis
1012 2918 1063 2964 end
1077 2916 1111 2963 bie
1128 2915 1254 2970 werno,
1274 2915 1324 2962 ned
1343 2929 1359 2961 a

159 2985 282 3034 rbeword.
317 2984 343 3031 ln
360 2982 400 3031 the
416 2983 464 3030 brat
480 2983 735 3044 plaoeitmeam‘one
782 2982 891 3042 province
911 2981 1008 3029 whern'e
1030 2981 1058 3028 be
1079 2980 1153 3045 migbt
1178 2996 1247 3041 carry
1267 2996 1298 3027 ee
1324 2981 1360 3028 bie

159 3053 189 3099 ol
196 3051 236 3099 the
248 3049 388 3097 dernoeratic
401 3048 484 3110 party:
495 3049 519 3095 in
531 3047 571 3095 the
584 3047 675 3102 second,
687 3053 735 3094 ‘on
783 3047 927 3100 rruaorrabie
934 3049 1045 3109 practices
1059 3047 1153 3094 without
1167 3046 1361 3106 mtep‘nenufor

161 3117 201 3164 the
219 3117 267 3164 aide
286 3114 315 3162 oi
330 3114 370 3162 the
388 3129 448 3162 mars
468 3115 495 3162 ol
511 3115 603 3161 Roman
624 3111 734 3160 citiam·
784 3127 801 3159 a
810 3113 895 3174 period
902 3114 950 3174 sar
967 3113 1089 3176 eaeeeding
1106 3111 1142 3160 eli
1154 3111 1189 3160 rba
1204 3111 1273 3159 unere
1287 3111 1359 3159 eebieb

161 3180 293 3242 ‘lionnerly
306 3195 342 3228 we
357 3180 425 3227 could
441 3188 483 3227 not
499 3178 570 3226 make
586 3193 633 3241 you
650 3179 681 3239 by
692 3192 735 3225 our
784 3177 819 3226 rba
830 3178 877 3225 law
888 3179 993 3226 ndomed.

160 3247 247 3294 threats
258 3246 352 3310 giveup
363 3245 404 3292 the
414 3253 481 3306 party
493 3244 568 3292 nithe
580 3244 669 3304 people.
681 3258 735 3290 nore
818 3241 842 3292 8.
864 3247 924 3293 lure
953 3245 1005 3292 boc
1037 3259 1097 3292 meo
1119 3244 1190 3298 dico,
1208 3250 1248 3289 ‘as
1272 3241 1282 3288 1
1304 3257 1360 3305 may

160 3326 196 3359 ree
206 3319 291 3358 cannot
302 3311 369 3375 bring
378 3324 426 3371 you
436 3310 468 3370 by
484 3323 527 3356 our
542 3323 635 3370 prayera
648 3316 675 3356 to
685 3309 734 3368 join
785 3309 852 3371 fairly
863 3309 919 3371 say!

161 3376 201 3424 the
212 3374 310 3436 people'e
320 3374 401 3432 eausa!
820 3387 857 3422 11.
877 3373 966 3436 Quid?
983 3375 1014 3431 ai.
1026 3372 1078 3429 ἃς..
1090 3373 1165 3421 ‘what
1175 3374 1194 3420 is
1204 3373 1246 3421 len
1256 3374 1294 3420 for
1304 3387 1360 3435 yon.

193 3440 217 3489 6.
236 3441 348 3494 Generi.
365 3433 406 3486 the
422 3438 515 3493 eonnl.
526 3438 554 3485 C.
567 3437 644 3485 Vrbiua
655 3439 735 3488 Pansa.
785 3439 806 3486 ii
813 3439 844 3487 be
854 3439 935 3487 should
947 3447 1042 3488 concert
1054 3448 1080 3487 to
1092 3439 1200 3487 atnreel'
1233 3438 1324 3486 Suoeea
1335 3440 1359 3486 in

160 3507 202 3554 See
213 3515 349 3566 on5.1,1.
784 3504 825 3552 the
850 3506 1003 3569 negotiatione
1026 3505 1103 3553 would
1129 3505 1199 3566 really
1226 3519 1293 3552 oense
1319 3503 1360 3552 the

193 3587 228 3620 ec.
242 3579 297 3634 7-9.
321 3569 346 3616 lt
366 3583 415 3616 reae
432 3567 488 3615 with
504 3566 562 3629 preire
583 3567 635 3615 eber
656 3569 735 3616 Gieero
785 3579 883 3634 greatest
891 3573 1088 3626 embarrassrnent.
1096 3571 1141 3618 and
1153 3571 1208 3632 only
1216 3571 1359 3618 vastetime.

159 3637 244 3684 remed
254 3645 276 3684 ro
286 3643 436 3682 cammaron
445 3633 661 3694 tbemndartastbe
672 3634 737 3682 orirer
785 3637 806 3682 Α
818 3651 928 3684 common
938 3637 1039 3700 reading.
1047 3635 1138 3700 though
1148 3636 1282 3698 apparently
1292 3635 1361 3683 witla-

160 3701 285 3750 eonaalore.
321 3699 382 3760 They
392 3714 451 3748 were
460 3697 552 3762 wiliing
561 3707 585 3746 to
598 3699 703 3762 despurm
719 3714 736 3746 a
785 3709 826 3748 out
841 3702 892 3750 MS.
909 3702 1033 3764 authority.
1050 3703 1069 3749 ia
1089 3707 1129 3749 ‘ut
1145 3701 1183 3750 ille
1197 3702 1282 3748 iaceret
1295 3701 1360 3748 indu·

161 3767 244 3814 moed
252 3766 360 3825 emteoy.
371 3765 433 3813 where
445 3765 545 3828 tbefiret
557 3765 606 3812 bed
619 3780 672 3812 etan
683 3780 736 3812 now
785 3765 856 3814 ciaei'
880 3773 937 3815 ‘not
960 3767 1034 3829 surely
1056 3767 1114 3814 reith
1136 3781 1183 3830 any
1205 3767 1255 3814 idea
1277 3766 1306 3814 ol'
1324 3767 1360 3814 hir

161 3847 223 3880 came
234 3831 290 3880 beel
299 3831 399 3878 inealeed
408 3831 458 3878 end
469 3830 551 3878 enable
565 3839 588 3878 ro
599 3831 735 3892 manunt
785 3833 919 3898 eonsenting
935 3841 962 3880 ro
982 3849 995 3878 a
1014 3833 1092 3889 truce:
1111 3831 1158 3880 like
1174 3833 1227 3880 Cat.
1250 3844 1271 3881 1.
1286 3846 1311 3895 9,
1329 3845 1358 3879 aa

161 3897 279 3960 anyrbing.
319 3897 357 3943 He
374 3911 423 3943 war
442 3895 482 3956 teja
498 3896 572 3953 olona.
592 3897 616 3943 ire
639 3897 735 3943 eircum-
785 3897 950 3960 ‘Quamquam
969 3899 1023 3960 quid
1047 3897 1148 3960 loquor?
1171 3906 1195 3945 te
1214 3906 1240 3944 ut
1259 3899 1305 3945 nlla
1325 3913 1361 3945 rea

160 3971 246 4011 macer
256 3960 328 4009 wath
338 3961 413 4024 might
422 3961 476 4010 well
489 3961 546 4009 bove
555 3962 640 4009 caused
649 3962 734 4017 aiem.
783 3962 889 4027 frangat!

161 4038 185 4076 ro
198 4028 310 4076 mumtnin
324 4026 500 4090 cingla-bonded
511 4027 547 4074 tiae
561 4027 651 4074 δοκου-
662 4027 693 4088 os
700 4026 736 4074 rte
819 4039 856 4091 19.
870 4029 906 4078 Ut
920 4031 1126 4084 censuissemus,
1139 4027 1273 4093 'aooording
1282 4035 1309 4075 to
1319 4026 1361 4076 tha

160 4103 243 4143 unere.
279 4091 366 4156 lbings
377 4107 436 4140 reare
446 4092 510 4151 eedly
520 4092 626 4156 changed
633 4091 692 4138 se'rree
699 4091 736 4139 ebe
783 4099 853 4140 tenna
865 4094 893 4140 oi
900 4109 942 4142 our
953 4094 1049 4142 deese·

160 4161 214 4208 time
228 4159 291 4208 where
306 4156 736 4222 Antiochuawaabeoagbttoerrbme't
820 4169 858 4205 ar.
877 4159 957 4208 Foret
987 4169 1024 4207 ut.
1070 4158 1100 4206 So
1128 4159 1206 4214 Hem.
1234 4158 1295 4206 from
1320 4157 1361 4204 the

161 4231 223 4286 ripen
232 4225 269 4274 the
278 4233 334 4287 apat,
346 4223 420 4283 hythe
434 4239 493 4271 mere
503 4222 577 4270 tbreae
587 4221 734 4284 olbreaiirag
788 4222 885 4270 Vatiean
904 4224 999 4288 reading
1016 4224 1079 4271 ‘iore
1096 4224 1138 4279 tu.'
1157 4223 1198 4272 the
1219 4223 1361 4284 subiunctiea

159 4289 361 4354 offnegea'ationa.
377 4302 429 4336 now
445 4287 596 4345 rberdnrorry
610 4285 698 4346 replied
712 4295 735 4333 ta
785 4286 854 4350 being
864 4289 1011 4342 conditional.
1022 4287 1122 4336 without
1133 4303 1179 4350 any
1190 4289 1294 4336 inhermt
1309 4287 1360 4336 idea

160 4355 314 4403 rbedemmde
325 4353 396 4414 ostie
406 4360 481 4400 unere
491 4349 623 4411 bymuking
633 4357 734 4398 aonam·
785 4351 813 4397 oi
829 4351 931 4413 iuturiry.
973 4351 1025 4398 The
1044 4352 1112 4401 other
1131 4353 1196 4400 MSS.
1219 4353 1278 4401 hare
1297 4353 1363 4404 ‘fora
