2970 4698
172 261 212 323 88
511 263 561 324 M.
593 263 753 322 TULLII
783 259 1037 322 CICERONIS
1190 275 1385 330 ones-8⁷.

172 437 238 482 non
258 421 324 482 iam
344 418 547 505 singillatim,
562 419 616 484 sed
637 421 813 503 provinciis
828 419 909 482 totis
928 418 1071 482 dabatur.
1115 417 1226 501 ltaque
1243 419 1271 480 si
1290 419 1385 480 baec

172 531 317 605 manent,
339 539 420 604 quae
441 532 549 588 stante
573 523 755 606 republica
777 543 907 586 manere
932 541 997 585 non
1022 531 1165 606 possunt,
1188 521 1383 605 provincias

170 625 348 708 universas,
372 635 478 708 patres
501 628 687 710 conscripti,
711 626 906 710 perdidistis,
930 645 1034 708 neque
1058 625 1230 708 vectigalia
1255 624 1383 707 solum,

93 759 99 768 ·
171 727 227 790 sed
257 730 357 791 etiam
382 731 552 812 imperium
582 730 688 814 populi
715 729 858 793 Romani
887 729 980 792 huius
1004 729 1190 792 domesticis
1216 727 1383 792 nundinis

143 829 373 898 sdeminutum
399 841 458 894 est.
502 832 572 896 Ubi
594 843 643 896 est
665 835 807 918 septiens
830 833 972 916 miliens,
993 832 1077 914 quod
1104 832 1214 894 estin
1240 831 1381 915 tabulis,
1400 833 1465 901 3¹7

171 951 251 1014 quae
274 943 348 996 sunt
368 933 408 996 ad
424 934 527 1019 Opis?
552 922 699 999 funestae
722 931 809 999 illius
829 923 960 1018 quidem
983 938 1149 1020 pecuniae,
1170 934 1226 997 sed
1247 941 1381 1018 tamen,
1397 953 1447 1000 os

170 1055 252 1118 quae
274 1055 344 1120 nos,
368 1039 395 1099 si
423 1039 475 1121 iis,
500 1056 634 1120 quorum
658 1048 737 1123 erat,
760 1059 826 1102 non
850 1039 1044 1122 redderetur,
1068 1059 1088 1101 a
1109 1039 1240 1101 tributis
1264 1047 1380 1121 posset

170 1139 347 1202 vindicare.
403 1141 454 1202 Tu
485 1152 593 1204 autem
618 1142 904 1225 quadringentiens
929 1145 1125 1225 sestertium,
1149 1141 1231 1224 quod
1261 1141 1379 1204 Idibus

170 1241 303 1306 Martiis
331 1243 482 1328 debuisti,
506 1265 647 1328 quonam
677 1246 772 1310 modo
801 1257 878 1309 ante
909 1245 1072 1309 Kalendas
1099 1245 1227 1328 Apriles
1253 1244 1378 1308 debere

128 1365 158 1400 ιο
170 1345 306 1410 desisti?
349 1347 429 1411 Sunt
455 1367 494 1410 ea
514 1349 644 1433 quidem
666 1349 924 1432 innumerabilia,
945 1368 1025 1432 qnae
1049 1369 1069 1412 a
1094 1350 1159 1411 tuis
1182 1348 1378 1410 emebantur

170 1467 237 1512 non
262 1450 422 1514 insciente
447 1460 493 1535 te,
518 1452 573 1514 sed
598 1472 696 1516 unum
722 1454 884 1534 egregium
907 1451 947 1514 de
971 1471 1045 1536 rege
1068 1451 1236 1535 Deiotaro,
1261 1452 1374 1535 populi

170 1548 312 1615 Romani
335 1555 546 1637 amicissimo,
566 1555 729 1617 decretum
751 1557 786 1617 in
801 1555 969 1639 Capitolio
988 1555 1101 1616 fixum:
1124 1574 1187 1637 quo
1208 1555 1375 1638 proposito

170 1673 267 1718 nemo
282 1665 362 1738 erat,
376 1659 432 1738 qui
446 1658 482 1719 in
503 1659 573 1740 ipso
590 1658 698 1721 dolore
713 1659 812 1720 risam
829 1667 936 1742 posset
955 1660 1132 1722 continere.
1175 1658 1260 1745 Qis
1279 1659 1374 1722 enim
1388 1673 1435 1719 os

169 1759 318 1838 cuiquam
347 1759 511 1822 inimicior
540 1779 635 1842 quam
664 1760 822 1824 Deiotaro
850 1761 998 1827 Caesar?
1035 1780 1134 1844 aeque
1163 1771 1258 1843 atque
1294 1761 1374 1824 huic

127 1871 155 1922 ¹5
169 1859 287 1938 ordini,
316 1869 352 1924 ut
381 1863 532 1944 equestri,
556 1872 592 1927 ut
618 1863 889 1948 Massiliensibus,
913 1875 949 1926 ut
977 1865 1138 1948 omnibus,
1153 1841 1276 1947 qubus
1300 1883 1372 1927 rem

169 1962 330 2044 publicam
351 1964 458 2046 populi
478 1963 621 2028 Romani
640 1987 747 2029 caram
767 1984 836 2030 esse
851 1967 1022 2030 sentiebat.
1067 1967 1276 2050 Igituraquo
1291 1969 1373 2030 vivo
1436 2033 1440 2038 ,

201 2147 226 2194 4.
241 2133 421 2182 Domesticis
437 2138 585 2186 nundinis.
619 2139 660 2186 See
677 2155 741 2188 onc.
793 2139 846 2186 The
868 2155 990 2187 enormous
1012 2141 1070 2186 scale
1092 2141 1121 2187 ol
1140 2140 1180 2188 the
1202 2141 1304 2187 incomes
1324 2143 1370 2188 aud

172 2211 257 2259 14035·
793 2205 860 2252 debts
872 2205 900 2251 ol
913 2205 953 2252 the
964 2205 1056 2270 leading
1073 2206 1176 2252 Romans
1188 2207 1215 2252 of
1231 2205 1276 2252 this
1287 2207 1370 2266 period

200 2272 269 2325 ⁴237.
289 2261 404 2312 lbmost
419 2265 508 2313 alm
522 2267 589 2330 thing
606 2283 654 2315 sons
667 2283 683 2314 o
702 2269 741 2316 de·
793 2271 811 2317 is
835 2271 885 2317 well
908 2271 1032 2318 illustrated
1055 2271 1087 2331 by
1106 2271 1141 2318 M.
1162 2272 1266 2324 Boissier,
1290 2273 1314 2317 in
1333 2272 1369 2320 his

169 2329 252 2376 cresin
257 2330 349 2389 favour
359 2331 389 2391 os
393 2331 524 2385 Deiotms
533 2333 671 2393 prosnsedly
685 2344 740 2395 pro-
793 2336 911 2397 pamphlet
922 2336 1006 2383 Sarlc
1022 2335 1333 2414 Vispriue'edesRomoias.

168 2395 740 2525 {liittwtbtldttffl
791 2400 1368 2530 ...23225;;r.·.¹iintn.³bset

167 2525 203 2572 rb·
216 2534 273 2586 pars
289 2526 320 2586 of
330 2525 432 2585 Anony,
449 2526 500 2574 who
517 2527 591 2588 boped
608 2537 631 2575 to
648 2537 687 2590 get
703 2537 740 2575 ten
791 2532 836 2577 and
848 2532 953 2580 creditor.
987 2533 1030 2592 Cp.
1043 2533 1100 2578 lior.
1111 2531 1134 2580 S.
1145 2543 1166 2580 1.
1179 2547 1202 2592 3,
1217 2531 1368 2592 87'Tristes

168 2589 257 2636 milliovs
273 2599 374 2638 sesterces
385 2593 432 2653 sor
443 2593 559 2656 grmhg
577 2602 600 2641 to
618 2595 740 2640 Deiotms
791 2596 908 2643 Kalendae
916 2597 930 2651 ;'
954 2596 984 2644 tt.
1006 2594 1030 2650 6.
1054 2607 1084 2657 75
1111 2597 1222 2646 ‘Octonis
1243 2597 1367 2646 reserantes

167 2655 357 2718 thalamtovyos
369 2658 479 2706 sobiolla
495 2658 544 2705 bed
561 2660 657 2718 already
672 2659 739 2705 eden
791 2661 869 2708 Idibus
881 2661 953 2716 aera;'
972 2662 1002 2708 id.
1014 2662 1088 2722 Epod.
1102 2659 1168 2726 ²³⁶9

164 2722 296 2781 pondos,
307 2723 402 2770 without
411 2724 509 2786 waiting
513 2725 558 2786 sor
568 2725 602 2772 bis
614 2725 662 2772 oid.
857 2727 974 2774 ‘Omnem
992 2727 1079 2790 redegit
1097 2727 1174 2774 idibus
1191 2731 1321 2788 pecuniam,

201 2798 224 2846 5.
241 2787 373 2848 septiens
390 2789 527 2842 milliens,
540 2805 570 2836 sc.
583 2790 739 2838 'saterdum'
907 2793 1003 2851 Qaerit
1020 2793 1129 2839 Kalendis
1145 2795 1245 2852 ponere!

167 2850 209 2898 See
243 2853 398 2900 introduction
429 2863 455 2900 to
483 2853 523 2901 the
556 2855 605 2902 first
632 2855 738 2910 oration;
826 2867 863 2903 11.
881 2857 1031 2904 Deiotaro.
1065 2858 1196 2912 Deiotarus.
1218 2861 1317 2906 tetrarch
1341 2863 1370 2908 ol

167 2927 370 2977 c.14‚35note;
388 2920 433 2965 and
455 2931 473 2964 ι.
494 2927 516 2978 7,
537 2929 566 2980 17
581 2928 644 2966 note.
677 2920 739 2966 Two
790 2921 947 2976 Galatia‚was
966 2923 1068 2969 invested
1086 2923 1169 2984 hythe
1185 2925 1289 2972 Romans
1307 2926 1365 2973 with

167 2979 231 3028 MSS.
247 2983 328 3042 supply
346 2981 503 3030 ‘sestertium'
537 2983 569 3030 As
588 2985 612 3029 in
630 2984 685 3030 such
699 2999 739 3032 es·
790 2987 829 3034 the
841 2987 892 3034 title
902 2989 931 3034 ol
938 2988 997 3050 iring
1007 2987 1030 3034 in
1043 2989 1158 3050 gratitude
1168 2990 1205 3036 lor
1221 2990 1257 3036 his
1267 2991 1365 3038 services

164 3046 278 3106 pressioris
297 3046 452 3093 'sestertium'
470 3046 489 3092 is
507 3047 592 3108 always
609 3050 696 3095 treated
714 3065 738 3096 as
790 3053 814 3098 in
823 3051 862 3099 the
871 3067 918 3098 war
929 3053 986 3100 with
999 3053 1152 3101 Mithridates
1187 3055 1280 3118 Having
1296 3057 1363 3104 aided

166 3125 180 3155 a
192 3111 291 3171 singular
308 3125 371 3156 noun
385 3111 492 3171 (whence
511 3111 550 3158 the
568 3113 667 3176 singular
683 3115 739 3162 rela·
790 3117 893 3178 Pompey
905 3118 927 3164 in
940 3117 979 3164 the
991 3119 1042 3164 civil
1054 3131 1110 3168 war.
1121 3119 1151 3166 he
1161 3133 1207 3166 svas
1220 3122 1327 3180 deprived
1338 3123 1368 3169 ol

166 3175 214 3220 tive
226 3175 334 3233 'quod'),
353 3191 378 3222 so
391 3175 441 3223 that
459 3175 513 3222 here
531 3177 549 3223 it
561 3179 637 3224 would
653 3180 682 3225 be
699 3178 738 3226 the
789 3182 1254 3245 hisdominionshyCaesar.butresumed
1261 3186 1363 3234 themon

165 3239 308 3286 nominative
319 3254 378 3294 case,
391 3241 511 3287 'funestae
527 3243 643 3300 pecuniae'
661 3245 679 3290 is
695 3254 738 3291 not
789 3247 884 3310 hearing
895 3249 923 3294 ol
931 3248 972 3295 the
985 3249 1102 3296 dictator’s
1118 3249 1196 3305 death.
1208 3251 1252 3298 and
1266 3253 1364 3299 induced

165 3303 189 3349 in
201 3304 330 3364 apposition
342 3305 399 3352 with
416 3305 442 3359 it.
455 3307 496 3352 but
508 3307 583 3353 rather
596 3309 695 3368 depends
707 3325 737 3356 on
789 3314 885 3373 Antony
893 3323 917 3360 to
929 3313 1024 3360 confirm
1036 3314 1071 3360 his
1083 3315 1134 3360 title
1145 3316 1176 3376 by
1188 3331 1201 3361 a
1213 3317 1276 3363 bribe
1286 3318 1314 3364 ol
1323 3327 1363 3365 ten

164 3368 261 3415 ‘tabulis
269 3369 289 3414 :⁹
306 3384 341 3429 cp.
353 3381 375 3428 5.
392 3367 415 3424 6,
430 3380 457 3430 15
476 3371 597 3431 ‘Direptio
610 3373 657 3420 eius
671 3389 739 3434 pecu·
789 3377 888 3424 millions
899 3379 927 3425 ot'
936 3389 1050 3432 sesterces,
1062 3394 1089 3426 or
1100 3381 1179 3440 nearly
1189 3381 1307 3444 290900.

164 3431 222 3489 niae,
234 3435 297 3481 cuius
308 3435 367 3482 ratio
383 3435 406 3480 in
421 3435 477 3481 aede
495 3435 552 3495 Opis
567 3439 672 3484 coniecta
689 3437 739 3488 est'
825 3455 861 3500 ¹5-
874 3443 1118 3492 Massiliensibus.
1143 3445 1186 3505 Cp.
1204 3448 1363 3506 proluunt.

164 3497 306 3546 Seealsoon
320 3504 383 3564 595.
790 3508 898 3567 3¹Urbs
921 3509 1023 3556 Massilia
1054 3510 1230 3558 fortissimorum
1260 3511 1364 3560 fidelissi-

199 3567 254 3624 7.Α
271 3565 400 3612 tributis.
429 3563 481 3613 The
500 3565 640 3622 ‘tributum'
652 3584 679 3615 or
691 3583 737 3615 war
788 3585 923 3633 morumque
945 3575 1067 3630 sociorum,
1090 3575 1129 3635 qui
1151 3577 1292 3624 Gallicorum
1316 3579 1364 3625 hel-

164 3636 213 3683 tax,
229 3630 303 3676 levied
321 3645 352 3676 on
372 3631 400 3676 all
416 3631 461 3677 real
479 3641 596 3693 property,
614 3632 659 3679 had
679 3635 737 3681 been
787 3637 862 3684 lorum
885 3639 982 3698 pericula
1005 3656 1018 3686 a
1041 3641 1126 3700 populo
1154 3641 1263 3688 Romano
1290 3645 1362 3704 copiis

164 3695 322 3742 discontinued
344 3697 405 3742 since
423 3695 462 3742 the
476 3698 532 3743 time
552 3699 581 3744 of
600 3695 639 3745 the
659 3698 738 3746 Mace·
787 3703 900 3762 armisque
927 3705 1110 3764 propulsanurt;'
1133 3705 1162 3752 ib.
1188 3705 1227 3761 16.
1253 3715 1283 3769 35
1313 3709 1361 3756 ‘Ea

164 3759 248 3806 donian
259 3775 314 3814 war,
326 3761 350 3806 in
370 3762 522 3822 147B.C.‚in
540 3777 695 3824 consequence
712 3766 740 3811 ol
787 3768 920 3815 conditione
943 3779 1011 3830 atque
1034 3785 1062 3816 eo
1085 3771 1134 3816 lato
1153 3785 1177 3818 se
1200 3773 1223 3818 in
1245 3771 1280 3819 his
1297 3775 1361 3821 terris

163 3824 204 3872 the
223 3824 294 3871 influx
306 3826 334 3871 οἱ
350 3839 448 3872 revenne
471 3827 531 3873 from
550 3828 590 3875 the
609 3831 735 3890 provinces.
787 3833 924 3880 collocatam
941 3849 989 3881 esse
1011 3835 1139 3889 arbitratur.
1156 3837 1256 3896 nequid
1277 3841 1360 3888 nornis

164 3889 185 3936 lt
197 3891 291 3937 became
308 3905 426 3952 necessary
446 3901 473 3937 to
492 3893 603 3954 reimpose
618 3894 636 3941 it
655 3895 678 3941 in
697 3895 736 3942 the
787 3895 917 3945 hominihus
946 3900 996 3946 illae
1028 3910 1108 3963 gentes
1141 3915 1224 3948 nocere
1257 3905 1360 3962 possint!

162 3971 217 4017 year
237 3956 357 4019 following
375 3955 420 4003 this
440 3957 530 4016 speech.
563 3959 606 4019 Cp.
619 3961 684 4008 Fam.
698 3971 735 4008 ra.
787 3961 865 4009 Hence
877 3963 945 4010 when
956 3965 1040 4012 Caesar
1051 3967 1147 4012 reduced
1166 3967 1192 4016 it.
1204 3967 1227 4012 in
1245 3966 1277 4025 48
1294 3970 1359 4025 lic..

162 4033 230 4080 30‚4
247 4021 406 4068 ‘incredibiles
421 4023 539 4084 angustiae
556 4025 664 4083 pecuniae
680 4028 736 4086 pub·
786 4027 808 4072 in
820 4043 975 4089 consequence
986 4031 1014 4077 os
1028 4031 1056 4078 its
1067 4030 1194 4078 adherence
1206 4041 1231 4078 to
1247 4034 1358 4096 Pompey‚

161 4085 228 4141 licae,
246 4101 305 4148 quae
322 4085 464 4148 conquiritur
481 4088 588 4148 undique,
603 4098 629 4136 ut
648 4092 735 4149 optime
785 4091 867 4140 Cicero
888 4095 938 4141 tells
961 4109 987 4141 us
1010 4095 1060 4142 that
1082 4095 1122 4142 the
1150 4096 1243 4143 Roman
1266 4099 1358 4147 citium

161 4153 249 4199 meritis
266 4152 377 4198 militibus
393 4152 502 4211 promissa
525 4153 655 4208 solvantur;
673 4157 734 4214 qnod
785 4158 962 4206 moumedover
979 4161 1008 4207 its
1024 4159 1170 4208 humiliation
1186 4175 1210 4208 as
1224 4162 1285 4210 their
1297 4179 1358 4214 own.

162 4217 254 4276 quidem
265 4216 314 4262 fieri
326 4217 374 4262 sine
385 4216 471 4262 tributo
482 4230 549 4273 posse
559 4231 606 4261 non
623 4218 734 4266 arbitror!
785 4221 826 4266 See
836 4221 858 4267 8.
870 4219 894 4276 6.
909 4231 945 4281 ¹7.

195 4280 217 4326 8.
244 4280 523 4342 Quadringentiens
558 4281 733 4328 sestertium.
823 4283 973 4348 16.1gitur.
1007 4289 1358 4350 lncorrsequenceoltherare

161 4343 338 4406 Fortymillions
345 4346 374 4390 of
377 4353 491 4397 sesterces,
499 4341 734 4403 ornesrly36o‚0ool.
786 4363 825 4394 use
837 4349 868 4408 by
877 4349 960 4395 Cicero
972 4353 1001 4396 ol
1009 4359 1015 4378 ¹
1025 4353 1107 4414 igitur·
1118 4364 1142 4400 at
1151 4353 1191 4402 the
1202 4356 1327 4422 beginning
1334 4361 1362 4406 ol
