2868 4700
81 241 232 300 §tia-n.
410 227 582 288 ORATIO
609 227 889 291 PHILIPPICA
916 227 967 289 II.
1237 239 1279 306 47

79 403 231 468 meaeque
245 387 378 452 litterae
396 395 431 452 et
452 389 612 452 iuventuti
633 387 790 452 utilitatis
807 395 841 452 et
859 387 986 451 nomini
1004 385 1156 452 Romano
1176 386 1281 452 laudis

76 489 198 570 aliquid
222 489 391 554 afferrent.
441 491 505 558 Sed
527 492 605 556 haec
631 511 698 556 non
721 492 814 556 huius
839 493 1014 576 temporis:
1044 493 1167 556 maiora
1190 490 1281 556 vide-

78 611 166 656 amus

44 694 67 762 9
117 695 153 760 P.
176 697 339 762 Clodium
362 717 437 762 meo
453 699 594 763 oonsilio
619 697 826 763 interfectum
851 717 922 764 esse
947 697 1070 765 dixisti.
1115 699 1282 790 Qidnanr

39 801 229 866 ubomines
261 811 422 887 putarent,
447 804 476 866 si
505 811 576 866 tum
597 803 723 867 occisus
746 809 844 886 esser,
867 821 941 867 curn
967 810 1004 866 tu
1034 803 1126 866 illurn
1150 804 1186 866 in
1213 803 1310 874 foros

76 917 248 990 spectante
270 906 386 992 populo
400 905 553 970 Romano
569 905 678 989 gladio
696 907 858 970 insecutus
877 925 914 970 es
933 908 1161 990 negotiumque
1179 915 1283 970 trans-

77 1013 210 1095 egisses,
227 1012 296 1074 nisi
316 1030 352 1074 se
371 1010 428 1074 iile
451 1012 488 1073 in
507 1009 609 1074 scalas
623 1009 777 1073 tabernae
794 1009 945 1074 librariae
964 1011 1157 1075 coniecisset
1179 1012 1283 1096 iisque

77 1115 237 1199 oppilatis
251 1115 414 1198 impetum
428 1122 519 1177 tuum
533 1114 796 1198 compressisset?
832 1113 929 1200 Qod
943 1113 1075 1197 quidem
1089 1134 1149 1198 ego
1163 1113 1283 1179 favisse

79 1239 130 1282 me
144 1221 213 1283 tibi
228 1219 346 1302 fateor,
361 1219 499 1282 suasisse
520 1225 612 1281 netu
629 1216 760 1301 quidem
778 1217 873 1283 dicis.
914 1217 959 1281 At
974 1217 1096 1282 Miloni
1118 1239 1160 1282 ne
1174 1219 1284 1282 favere

77 1323 211 1406 quidun
242 1323 356 1408 potui3
388 1321 475 1406 prius
505 1321 595 1384 enim
619 1341 688 1384 rem
714 1322 872 1404 transegit
897 1339 992 1404 quam
1017 1323 1186 1405 quisquam
1210 1339 1283 1384 eum
1299 1347 1330 1383 ro

78 1427 242 1492 iacturum
265 1425 300 1490 id
317 1427 542 1510 suspicaretur.
585 1425 633 1488 At
650 1443 711 1508 ego
730 1425 826 1488 suasi.
869 1423 1002 1488 Scilicet
1021 1425 1050 1489 is
1068 1427 1197 1489 animus
1214 1433 1284 1488 erat

79 1529 235 1615 Milone
257 1538 297 1593 ut
319 1528 469 1614 prodesse
492 1529 539 1592 rei
564 1529 710 1612 publicae
733 1529 805 1591 sine
828 1546 957 1592 suasore
983 1547 1050 1592 non
1070 1528 1193 1613 posset!
1239 1527 1285 1592 At

79 1635 222 1699 hetatus
248 1653 331 1699 nrm.
384 1631 475 1719 Qid
503 1633 601 1716 ergo?
630 1633 666 1694 in
694 1639 788 1694 tanta
817 1630 945 1696 laetitia
974 1639 1109 1696 cunctae
1138 1631 1285 1696 civitatis

36 1757 135 1806 nme
156 1758 257 1802 unum
279 1739 410 1800 tristem
433 1755 503 1800 esse
528 1735 719 1821 oportebat?
763 1733 966 1822 Qarnquarn
983 1735 1023 1799 de
1046 1745 1150 1800 morte
1173 1735 1283 1800 Clodii

80 1841 146 1906 fuit
166 1843 427 1926 quaestio-non
450 1841 530 1918 satis
555 1838 726 1924 prudenter
751 1837 809 1900 iiia
829 1837 959 1921 quidem
981 1841 1179 1924 constituta3
1207 1840 1284 1924 quid
1300 1859 1329 1910 ιε

80 1949 173 2010 enim
195 1946 360 2010 attinebat
383 1963 469 2007 nova
490 1943 559 2026 iege
579 1943 689 2026 quaeri
711 1941 751 2006 de
771 1961 824 2026 en,
839 1943 895 2025 qui
916 1941 1080 2006 hominem
1101 1943 1286 2029 occidisset,

81 2029 583 2130 ffiiiffis‘c't‘ieg'r'ffis‘ffie's'tio
608 2045 809 2110 constituta?
840 2045 1022 2144 quaesitum
1042 2056 1092 2111 est
1111 2057 1286 2112 tamen-z

80 2154 166 2236 quod
188 2153 304 2236 igitur,
327 2170 403 2214 cum
428 2169 478 2212 res
499 2150 664 2232 agebatur,
687 2167 785 2212 nemo
807 2148 843 2211 in
866 2167 919 2212 me
940 2149 1037 2235 dixit,
1059 2150 1093 2215 id
1116 2159 1168 2216 tot
1189 2152 1287 2214 annis

83 2267 156 2342 post
170 2267 209 2320 tu
223 2277 260 2320 es
275 2256 430 2318 inventus
444 2253 500 2336 qui
515 2253 664 2316 diceres?

1 2395 11 2438 p
41 2383 73 2429 n
128 2359 228 2448 Qod
252 2378 331 2422 vero
355 2357 462 2422 dicere
487 2375 582 2420 ausus
607 2375 642 2419 es
673 2353 769 2438 idque
800 2354 911 2418 multis
941 2355 1059 2440 verbis,
1088 2373 1185 2440 opera
1214 2377 1288 2422 rnea
1303 2381 1335 2417 ιο

113 2529 171 2580 ep.
188 2511 611 2575 Ambndim'dutfiim'adoor
626 2511 663 2558 ibe
712 2510 808 2571 prorai’
825 2509 928 2558 ‘Faveo'
940 2511 1249 2561 aeenutobeirereuaedin
1261 2514 1290 2562 ita

81 2583 148 2630 dab
164 2583 198 2643 os
208 2581 312 2629 auda.
346 2579 425 2628 acero
441 2579 520 2642 ruptos
536 2578 586 2626 ibae
601 2576 662 2624 mro
712 2575 824 2624 technioal
835 2591 899 2624 reuse
909 2577 939 2624 of
952 2578 1090 2643 applauding
1101 2579 1204 2642 (whence
1215 2587 1222 2606 ⁸
1234 2580 1293 2628 fari·

81 2647 167 2696 nadad
180 2648 232 2694 arrd
247 2645 348 2693 unua
362 2659 393 2691 no
409 2644 451 2691 nid
460 2659 488 2692 or
498 2653 662 2697 mmmm5
712 2643 788 2697 tores:
813 2641 960 2702 ‘elaqueurn'
978 2643 1052 2692 Plaut.
1074 2645 1160 2706 Anaph.
1182 2647 1240 2706 prol.
1260 2646 1291 2709 78

80 2713 230 2760 artabe
246 2709 548 2772 alynarduosadingr
563 2709 664 2769 asem
713 2707 782 2770 &cit
799 2721 836 2768 cp.
852 2707 909 2756 ilor.
925 2708 971 2756 Od.
986 2719 1009 2768 3.
1025 2707 1187 2772 2446‘Qin
1203 2713 1292 2760 clamor

78 2781 168 2840 pendor
179 2779 204 2824 ia
220 2777 334 2840 rejnicing
343 2785 369 2822 nt
385 2790 401 2822 a
417 2775 475 2822 daed
488 2774 560 2823 abab
570 2774 664 2832 Anony
713 2781 783 2820 vocat
794 2781 817 2820 et
829 2774 894 2820 turba
905 2773 1049 2822 faventium!
1077 2777 1159 2824 Cicero
1172 2793 1223 2838 says
1240 2778 1292 2827 that

81 2844 179 2905 tinnis
189 2843 239 2891 bad
253 2857 307 2889 once
323 2841 399 2902 before
414 2839 541 2902 ommpeed.
577 2839 614 2887 Aa
629 2853 665 2886 re·
713 2838 737 2886 in
750 2838 828 2886 Miio's
839 2853 890 2886 case
902 2838 932 2886 he
943 2841 1012 2888 could
1022 2841 1079 2904 only
1086 2843 1170 2902 rejoice
1181 2845 1240 2890 after
1251 2844 1292 2892 the

78 2909 176 2974 [πω
196 2909 234 2956 iba
255 2907 340 2970 charge
356 2907 386 2968 of
402 2906 498 2970 ιαὼς
519 2905 555 2952 rire
570 2903 664 2966 quana
713 2911 790 2960 aaut.
807 2919 831 2952 aa
847 2903 878 2952 be
894 2904 975 2953 ahouid
992 2915 1034 2954 not
1051 2907 1111 2954 bave
1126 2907 1247 2968 presuined
1266 2919 1293 2958 to

81 2975 179 3023 buum
202 2974 290 3020 ann·
310 2973 361 3020 aad
380 2973 488 3033 Pomm.
511 2971 589 3019 iiiam
616 2969 666 3017 irad
713 2971 766 3032 gire
789 2969 838 3016 him
860 2971 941 3018 advice
962 2987 994 3018 on
1013 2971 1052 3019 the
1075 2983 1166 3029 matter,
1190 2975 1235 3021 and
1253 2974 1293 3022 the

81 3039 166 3088 indeed
183 3037 342 3086 adomari
357 3046 381 3084 ω
394 3045 488 3098 prevent
504 3037 561 3084 ibris·
571 3035 666 3097 friend·
714 3033 787 3098 affray
798 3049 845 3082 war
856 3050 912 3082 over
923 3044 964 3084 too
976 3037 1070 3100 quickiy
1080 3045 1106 3085 to
1117 3039 1191 3086 admit
1205 3041 1235 3086 of
1246 3055 1293 3102 any

81 3107 147 3168 ἠέρι
159 3104 312 3166 mdsoiiing
327 3103 352 3149 in
368 3103 419 3157 siris.
435 3102 484 3150 iad
498 3101 559 3150 tried
574 3111 597 3150 eo
611 3100 664 3162 keep
713 3100 987 3164 onecbeeringhimon.
1011 3103 1056 3149 i’or
1067 3103 1107 3150 the
1119 3105 1294 3166 nseoi·quod'

1 3183 2 3186 ’
80 3173 185 3234 Pompa
194 3169 262 3230 fiam
278 3167 391 3232 aioioting
405 3167 441 3214 tire
456 3167 528 3222 Iasos:
546 3167 587 3214 but
601 3166 664 3214 wien
713 3165 815 3230 limiting
826 3165 865 3214 tite
879 3175 960 3216 extent
974 3168 1003 3214 of
1017 3166 1058 3215 the
1077 3169 1154 3216 aetion
1173 3171 1202 3216 of
1217 3187 1247 3219 an
1259 3173 1294 3218 in·

80 3237 139 3285 rba'r
155 3235 257 3284 ellim
272 3234 322 3282 irad
336 3233 389 3282 beor
410 3247 464 3281 once
485 3231 615 3294 complana.
637 3232 665 3280 ir
714 3231 834 3280 traruitive
845 3233 908 3287 verb,
920 3247 958 3279 aee
970 3231 1050 3281 Madv.
1064 3237 1076 3293 i
1091 3247 1145 3298 ²²9·

81 3303 138 3352 aad
151 3301 188 3349 bia
201 3308 286 3348 m
298 3298 376 3363 affort·
389 3309 413 3347 to
427 3298 539 3347 minicia
554 3297 666 3357 barnwny
751 3309 789 3358 14.
806 3297 994 3357 Quamquam.
1016 3332 1023 3347 .
1041 3332 1048 3348 .
1064 3299 1120 3347 fuit
1148 3301 1294 3362 quaestio.

81 3367 257 3416 mm
715 3363 769 3410 And
781 3361 901 3418 ueniere.
913 3363 994 3412 Cicero
1011 3363 1107 3425 implica.
1118 3364 1164 3414 had
1176 3367 1186 3412 l
1197 3365 1294 3413 lairena

116 3445 141 3495 5.
159 3431 203 3480 Tu
222 3432 315 3478 iilum.
326 3465 333 3478 .
346 3466 352 3480 .
363 3430 510 3478 insecutus
525 3443 566 3476 ea.
599 3425 666 3482 Thia.
715 3428 904 3489 prominentpart
916 3429 986 3476 inthe
995 3432 1086 3493 general
1097 3431 1295 3495 rejoicing,-had

82 3513 106 3547 aa
118 3514 157 3546 we
173 3499 237 3545 iearn
254 3497 314 3544 hom
330 3512 351 3544 c.
370 3508 407 3548 ao.
419 3509 460 3559 49.
471 3510 518 3542 was
534 3493 602 3540 when
618 3493 667 3538 nn-
716 3493 735 3540 it
745 3494 804 3540 been
814 3495 925 3556 auppoaed
942 3493 993 3543 that
1005 3496 1015 3542 l
1027 3511 1073 3543 πυ
1089 3511 1207 3558 accessory
1217 3505 1243 3543 to
1254 3495 1295 3543 the

83 3575 144 3626 tany
161 3579 209 3610 rraa
226 3578 240 3610 a
254 3561 375 3609 candidate
392 3561 428 3608 i'or
443 3561 485 3608 the
501 3557 666 3621 quaestorahip.
716 3559 871 3614 daed—then
883 3575 929 3607 was
942 3559 982 3607 the
1004 3561 1062 3608 time
1081 3560 1149 3608 when
1171 3561 1226 3608 auch
1248 3576 1295 3609 aua·

84 3633 108 3678 in
128 3641 161 3692 53
184 3629 249 3683 lic..
270 3627 311 3676 the
332 3641 387 3690 year
409 3627 489 3674 before
508 3625 602 3674 Clodius
619 3637 667 3670 vm
716 3625 803 3684 piciona
815 3626 891 3673 would
907 3625 966 3672 have
977 3626 1049 3672 found
1061 3636 1124 3682 vent,
1135 3629 1177 3675 but
1191 3626 1247 3674 theu
1264 3643 1295 3675 no

83 3695 200 3756 kiiiedby
213 3693 280 3740 Milo.
716 3705 761 3738 oue
777 3691 876 3738 menei
891 3689 943 3737 that
960 3691 970 3736 l
987 3705 1034 3738 vraa
1050 3692 1074 3738 in
1091 3706 1137 3754 any
1152 3707 1206 3754 way
1222 3693 1297 3754 impii·

120 3773 144 3822 7.
166 3761 198 3806 ln
225 3759 329 3806 scalas.
377 3755 437 3806 Tbir
465 3755 542 3804 would
569 3757 598 3803 be
626 3753 666 3802 the
716 3756 791 3804 oated.
825 3755 862 3803 lie
873 3755 970 3816 entirely
986 3756 1076 3820 ignores
1089 3756 1152 3805 what
1163 3758 1194 3806 he
1204 3758 1299 3807 himself

85 3827 193 3874 mirem
220 3824 311 3887 leading
338 3823 398 3870 from
426 3821 466 3870 the
493 3821 552 3881 ahop
573 3835 605 3868 on
626 3819 667 3866 the
716 3821 762 3870 had
776 3821 868 3869 written
886 3821 910 3868 in
927 3820 962 3868 hir
979 3821 1060 3883 speech
1074 3822 1110 3868 for
1126 3822 1166 3871 the
1181 3825 1296 3880 occasion.

85 3893 176 3958 ground
186 3889 246 3938 iioor
257 3899 284 3937 to
294 3889 335 3935 tbe
346 3901 501 3949 nppnroom,
511 3885 626 3934 inhabited
635 3885 667 3944 by
717 3901 760 3948 pro
776 3887 829 3935 Mil.
842 3885 879 3934 18.
891 3895 923 3948 47
940 3885 1026 3943 ‘Scitin
1038 3887 1129 3938 iudicer.
1140 3890 1207 3937 fuioe
1218 3893 1257 3952 qui
1272 3892 1296 3938 in

85 3957 259 4018 mabopman.
289 3953 335 4015 Cp.
345 3967 387 4014 pro
400 3952 452 4001 Mil.
466 3963 503 4012 15.
514 3951 668 4013 4o‘Cu1nse
717 3951 1009 4016 bacrogationesuadenda
1017 3953 1297 4004 dicerentMiionismanu

87 4025 125 4074 iiie
134 4019 287 4086 (Clodium
304 4021 351 4068 'eoa
362 4019 385 4067 in
397 4019 508 4066 scalarum
519 4017 617 4064 tenebris
629 4017 669 4062 ab·
718 4017 813 4066 caedem
830 4033 878 4066 ease
900 4017 994 4074 factam,
1011 4019 1106 4066 consilio
1128 4036 1183 4070 vero
1202 4021 1297 4069 maioris

87 4087 195 4138 didisset?
234 4087 265 4134 So
338 4099 447 4147 runaway
463 4083 524 4130 aiave
535 4083 559 4129 in
570 4081 669 4136 iloraoe,
719 4083 826 4130 alicuius:
844 4097 882 4129 me
893 4082 999 4132 videlicet
1013 4083 1126 4132 latronem
1144 4102 1171 4134 ae
1191 4087 1297 4134 sicarium

1 4171 2 4199 r
87 4157 130 4204 ·in
146 4153 213 4202 scalis
229 4152 298 4200 latuit
308 4159 413 4198 metuens
423 4147 544 4212 pendentis
558 4144 668 4196 habenae'
720 4149 804 4196 abiecti
814 4147 920 4196 homines
931 4157 954 4196 et
965 4149 1048 4210 perditi
1060 4149 1231 4199 describebant.¹

1 4231 6 4262 r
88 4222 146 4284 Epp.
159 4232 182 4267 a.
196 4230 218 4274 a,
231 4227 271 4278 15.
756 4210 793 4262 16.
810 4213 892 4276 Nova
914 4214 988 4278 lege.
1022 4213 1080 4262 Thia
1102 4231 1148 4264 rm
1171 4215 1211 4263 the
1233 4215 1298 4262 ‘Lex

122 4285 145 4334 Β.
163 4283 282 4340 Quod..
294 4315 300 4330 .
312 4279 428 4330 favisae.
441 4315 447 4330 .
459 4277 668 4335 fateor,‘herein
719 4278 828 4338 Pompeia
836 4277 864 4325 de
872 4277 939 4332 Vi'a
951 4279 1094 4342 privilegium
1105 4281 1299 4344 passedapeciaiiy

91 4355 100 4402 1
107 4349 223 4408 pontesii
242 4361 301 4412 gave
312 4361 359 4408 you
371 4346 410 4394 the
422 4346 526 4394 mnenon
537 4344 566 4392 of
579 4357 619 4402 my
631 4355 670 4401 ap·
720 4351 746 4390 to
757 4351 819 4388 meet
832 4340 933 4388 tineam
944 4343 972 4388 of
981 4343 1049 4386 Milo.
1093 4343 1177 4388 Seeon
1191 4355 1212 4388 r.
1225 4353 1247 4403 7,
1262 4345 1300 4392 18.
