2868 4700
175 221 217 308 3⁸
513 219 1042 282 r1.wrrrrcrcrnorvrs
1240 249 1288 290 ω.
1303 235 1404 289 s-4

175 379 244 442 iore
267 378 462 444 incolumem
484 378 625 463 prtabas
669 375 800 442 Poteras
820 387 933 442 autem
958 397 999 441 eo
1023 387 1172 462 tempore
1196 387 1406 464 auguratum

178 481 798 566 petere‚cuminltaliac.orionon
817 483 929 545 met?
949 489 1196 566 auttum‚cum
1219 483 1406 566 esfactus²

179 603 276 648 unam
290 586 409 650 tribum
422 587 496 650 sine
509 585 654 651 Curione
674 585 756 648 ferre
771 585 955 669 potirisses?
976 585 1071 648 cuius
1085 587 1188 649 etiam
1207 586 1406 650 familiares

178 687 220 750 de
234 687 269 750 vi
283 687 490 752 condemnati
504 699 591 772 sint,
601 690 686 772 quod
700 689 749 752 tui
764 689 867 752 nimis
881 689 1019 752 studiosi
1034 689 1184 752 misens
1227 691 1274 753 At
1291 691 1406 753 bene-

151 789 255 864 sficio
279 811 351 856 sum
376 801 432 856 tuo
456 813 539 856 ustis.
583 792 681 878 Qo?
712 811 907 876 quamquam
937 791 1017 854 illud
1042 794 1162 876 ipsum,
1187 793 1273 876 quod
1300 813 1406 857 oom-

180 913 350 979 memoras,
371 914 497 980 semper
519 915 592 980 prae
614 915 668 959 me
688 896 761 958 tuli.
804 895 912 959 Malui
935 915 989 958 nse
1008 897 1074 959 tibi
1098 895 1215 960 debere
1239 897 1406 961 confiteri

179 1015 276 1080 quam
297 999 446 1081 cuiquam
467 999 575 1062 minus
596 998 743 1082 prudenti
765 1017 833 1062 non
853 1001 934 1063 satis
953 1008 1062 1084 gratus
1082 1001 1198 1064 videri.
1240 1001 1305 1065 Sed
1329 1021 1407 1084 quo

182 1099 360 1166 beneficio?
380 1101 464 1184 quod
479 1121 532 1166 me
552 1101 716 1166 Brundisii
737 1121 805 1164 non
823 1103 1006 1167 occideris?
1050 1104 1162 1192 Qm
1181 1107 1252 1190 ipse
1269 1106 1407 1190 victor,

180 1205 236 1288 qui
262 1205 337 1288 tibi,
366 1214 402 1269 ut
430 1214 500 1270 tute
526 1204 658 1290 gloriari
687 1206 825 1290 solebas,
854 1207 1014 1271 detulerat
1042 1229 1083 1271 ex
1113 1210 1295 1272 latronibus
1325 1210 1405 1273 suis

139 1309 409 1393 inprincipntum,
430 1308 553 1372 salvum
575 1327 645 1372 esse
667 1309 834 1393 voluisset,
854 1311 891 1373 in
914 1309 1045 1375 ltaliam
1064 1313 1112 1375 ire
1135 1313 1296 1396 iussisset,
1316 1333 1403 1376 eum

182 1423 218 1478 tu
239 1413 424 1478 occideres?
468 1412 531 1478 Fac
553 1414 706 1498 potuisse.
749 1413 847 1500 Qod
868 1423 920 1478 est
943 1415 1044 1500 aliud,
1068 1425 1176 1500 patres
1199 1419 1403 1501 conscripti,

183 1517 373 1582 beneficium
394 1517 566 1600 latronum,
581 1518 645 1580 nisi
660 1527 696 1580 ut
718 1536 971 1582 commemorare
993 1521 1120 1604 possint
1140 1521 1184 1583 iis
1205 1539 1240 1584 se
1260 1521 1402 1585 dedisse

184 1622 298 1704 vitam,
321 1621 435 1704 quibus
456 1639 523 1686 non
544 1619 746 1684 ademerint?
789 1621 887 1708 Qod
908 1623 937 1686 si
960 1633 1045 1687 esset
1068 1623 1272 1708 beneficium,
1296 1645 1402 1688 num-

184 1743 280 1808 quam
308 1726 363 1807 qui
393 1723 750 1808 illuminterfeosrunt,
774 1743 884 1809 aquo
909 1735 1001 1790 erant
1027 1730 1224 1811 conservati,
1249 1748 1332 1811 quos
1359 1740 1400 1792 tu

142 1849 171 1902 ¹⁵
185 1826 382 1892 clarissimos
396 1829 483 1890 viros
497 1826 580 1892 soles
602 1828 773 1913 appellare,
787 1837 914 1892 tantam
936 1839 1044 1894 essent
1056 1831 1196 1916 gloriam
1211 1835 1399 1895 consecuti.

185 1929 291 2018 Qale
306 1940 414 1995 autem
436 1929 626 1995 beneficium
645 1941 706 2016 est,
725 1933 810 2015 quod
829 1941 863 1996 te
885 1933 1081 1997 abstinueris
1100 1935 1226 1998 nefario
1245 1934 1399 2000 scelere?

179 2035 261 2122 ,Qa
276 2035 312 2097 in
326 2055 360 2098 re
374 2054 442 2098 non
457 2045 526 2098 tam
543 2035 717 2100 iucundum
739 2037 820 2099 mihi
834 2035 939 2099 videri
959 2035 1072 2102 debuit
1091 2057 1159 2101 non
1181 2039 1397 2102 interfectum

188 2158 241 2204 me
263 2157 283 2200 a
305 2146 349 2223 te,
371 2158 468 2222 quam
490 2139 643 2202 miserum
662 2148 697 2203 te
722 2139 755 2202 id
774 2141 905 2225 impune
931 2139 1038 2204 facere
1061 2143 1215 2226 potuisse.
1258 2141 1321 2206 Sed
1347 2146 1397 2206 sit

187 2240 389 2327 beneficium,
403 2240 531 2326 quando
545 2242 674 2324 quidem
690 2243 794 2308 maius
814 2245 954 2329 accipis
975 2245 1100 2308 latrone
1119 2245 1244 2309 nullum
1262 2247 1397 2331 potuit:

143 2351 225 2417 zoin
248 2366 311 2432 quo
333 2355 424 2432 potes
448 2365 501 2410 me
525 2343 632 2410 dicere
661 2347 845 2431 ingratum?
877 2367 920 2410 an
943 2347 984 2410 de
1007 2349 1143 2413 interitu
1169 2351 1217 2412 rei
1242 2350 1398 2433 publicae

187 2452 277 2539 queri
300 2471 367 2516 non
388 2450 496 2535 debui,
517 2469 559 2514 ne
580 2450 670 2514 inte
693 2451 835 2535 ingratus
850 2451 997 2517 viderer?
1039 2454 1086 2517 At
1104 2454 1140 2517 in
1163 2453 1220 2516 illa
1239 2453 1398 2537 querella,

189 2558 307 2624 misera
327 2553 457 2640 quidem
479 2563 513 2619 et
535 2554 689 2639 luctuosa,
710 2554 766 2618 sed
788 2555 871 2618 mihi
895 2575 953 2639 pro
973 2556 1035 2620 hoc
1056 2557 1166 2641 gradu,
1192 2558 1229 2620 in
1251 2577 1317 2640 quo
1339 2577 1397 2621 me

189 2669 318 2730 senatus
340 2659 534 2746 populusque
555 2658 724 2724 Romanus
742 2658 924 2742 collocavit,
945 2661 1136 2744 necessaria,
1155 2660 1234 2745 quid
1253 2671 1304 2726 est
1324 2662 1398 2726 dic-

190 2777 260 2831 tum
275 2787 296 2830 a
310 2785 363 2830 me
377 2785 451 2829 cum
466 2762 684 2829 contumelia?
706 2761 782 2844 quid
796 2781 864 2826 non
880 2761 1067 2828 moderate?
1088 2763 1166 2847 quid
1181 2783 1248 2828 non
1264 2768 1397 2830 amice?

148 2895 177 2947 ιι
190 2869 287 2958 Qod
307 2869 439 2954 quidem
458 2871 548 2934 errius
569 2867 800 2952 temperantiae
822 2865 897 2950 fuit,
910 2866 951 2930 de
970 2865 1021 2931 M.
1036 2867 1186 2932 Antonio
1202 2879 1395 2951 querentem

227 3098 248 3134 ι.
266 3083 338 3133 Fore
366 3085 548 3142 ineolumem,
576 3083 659 3132 ‘could
687 3097 767 3145 esespe
815 3082 903 3144 jectnre
919 3082 1256 3148 ol'hlsdviglsbeingsbsent
1273 3085 1333 3132 from
1351 3086 1395 3134 the

193 3150 353 3213 bsnkmptcy!
818 3148 882 3196 MSS.
917 3149 954 3196 lie
967 3163 1034 3213 urges
1048 3149 1101 3197 tint
1116 3149 1145 3196 its
1162 3149 1272 3198 insertion
1289 3152 1308 3198 is
1326 3151 1395 3199 abso-

232 3211 256 3266 6.
278 3215 391 3280 Semper
418 3231 486 3280 prse
513 3229 556 3264 me
578 3214 649 3264 tulis
677 3228 715 3262 see
736 3227 768 3261 on
817 3213 889 3276 lstely
905 3229 1031 3276 necessary,
1048 3216 1110 3262 since
1126 3216 1230 3263 ‘nudum
1246 3216 1393 3277 perticipium

196 3293 253 3344 1.4,
267 3293 305 3330 1¹.
818 3293 860 3340 pro
882 3287 932 3327 tots
952 3281 1065 3328 sententis
1087 3279 1175 3328 inlinits
1194 3281 1258 3328 nullo
1276 3283 1393 3344 exemplo,

228 3355 250 3410 7.
268 3347 364 3395 Minor
390 3347 532 3410 prudenti.
557 3345 626 3394 ‘eho
648 3345 704 3394 does
725 3351 768 3394 not
818 3345 880 3392 nulls
891 3345 980 3394 ratione
991 3345 1195 3406 ponitnr’Opuse.
1210 3359 1230 3394 1.
1242 3361 1265 3408 p.
1280 3360 1334 3410 ²07·

192 3411 662 3477 lookstthemstterinitsrightlight'
853 3422 891 3458 ιι.
915 3410 947 3458 ln
976 3411 1026 3459 ills
1060 3412 1196 3473 querella,
1224 3427 1256 3460 re.
1273 3412 1313 3460 the
1343 3413 1392 3462 lint

227 3479 251 3528 8.
267 3479 319 3528 Sed
338 3493 412 3542 quo:
434 3493 471 3528 see
484 3486 654 3538 on1.11,a7.
818 3475 938 3538 Philippis.
958 3477 982 3524 in
1000 3476 1084 3532 which,
1102 3491 1127 3524 ss
1144 3491 1181 3525 we
1200 3478 1259 3525 hsve
1278 3493 1338 3533 seen,
1356 3480 1393 3528 his

230 3557 267 3607 13.
287 3545 372 3606 Quod
410 3545 433 3593 sl
472 3553 547 3593 erret
587 3542 768 3592 beneliciom.
818 3550 874 3589 tone
900 3543 999 3590 towards
1020 3543 1187 3606 Antonywss
1214 3545 1393 3608 oompnntively

195 3611 295 3662 Cieero's
311 3620 432 3676 srgnmms
445 3609 471 3667 is,
483 3609 534 3659 that
546 3608 586 3658 the
601 3609 692 3673 geneal
703 3609 769 3656 voice
818 3607 944 3656 moderate.

195 3677 224 3726 ol
238 3675 278 3724 the
296 3677 389 3724 Rornsn
404 3677 494 3738 propio,
510 3675 535 3723 in
554 3673 649 3738 holding
671 3674 712 3722 the
735 3689 770 3722 ss·
855 3685 893 3721 aa.
910 3673 1016 3720 Misera
1040 3673 1162 3736 quidem.
1194 3673 1260 3722 With
1278 3673 1323 3722 this
1338 3691 1392 3722 eon·

195 3741 276 3792 ssssinr
292 3741 321 3790 oi
334 3742 426 3799 Caesar.
439 3741 493 3790 who
504 3741 551 3790 hed
566 3741 632 3790 owed
644 3739 703 3789 their
713 3741 770 3788 lives
820 3739 905 3788 eessive
921 3753 961 3786 use
976 3740 1005 3786 oi
1017 3739 1129 3800 ‘quidem'
1142 3739 1190 3789 itis
1207 3741 1270 3788 usnsl
1281 3749 1307 3787 to
1322 3741 1390 3788 insen

196 3817 221 3858 to
239 3807 296 3864 him,
313 3817 339 3856 to
358 3809 388 3856 he
405 3817 445 3871 yet
464 3808 556 3869 worthy
576 3809 605 3855 oi
621 3807 661 3855 the
678 3805 769 3870 highest
820 3803 860 3852 the
877 3819 990 3866 pronoun‚
1008 3806 1106 3853 'minsa
1120 3805 1158 3853 ills
1176 3806 1284 3868 quidem:
1302 3807 1343 3853 but
1361 3807 1391 3853 irs

195 3873 276 3936 preire,
293 3873 397 3922 dechred
413 3874 465 3922 thet
481 3889 512 3921 no
529 3873 644 3938 gratitude
661 3886 709 3920 was
726 3872 770 3920 dne
820 3871 916 3918 absence
928 3869 981 3918 here
998 3871 1072 3918 isdne
1083 3880 1109 3919 to
1126 3871 1155 3920 its
1167 3885 1300 3920 oocunenoe
1312 3871 1391 3919 imme·

196 3947 222 3988 to
245 3953 291 4002 any
313 3955 358 3988 one
380 3939 434 3988 who
456 3939 544 4002 muel]
566 3938 684 3986 abstrined
709 3935 771 3984 from
820 3934 905 3998 dietely
917 3936 1002 3985 before.

196 4005 323 4118 {suppling
344 4004 419 4118 illiegsl
442 4019 520 4120 puger
539 4019 595 4052 over
614 4003 654 4052 the
672 4002 774 4116 liriessgl
855 4001 908 4049 Pro
930 4001 984 4114 hnc
1002 4001 1103 4114 Γςιῖιιὶιὶιι,
1115 4002 1163 4114 iio
1178 4001 1393 4115 tchonsiderstionhphl

223 4085 232 4118 s
259 4084 439 4120 eon-errem.
509 4081 600 4126 .c.s‚
645 4084 693 4125 ,sn
765 4081 846 4116 ,ιιι
880 4081 984 4114 consur
1062 4103 1068 4115 .
1134 4083 1162 4114 or
1206 4083 1361 4116 enewws

197 4137 226 4186 de
243 4137 321 4184 Benel'.
337 4149 359 4184 a.
375 4149 443 4198 so‚3
460 4086 531 4184 *Nisa
548 4081 727 4184 erdm⁵iervavit
745 4134 772 4190 is,
821 4083 904 4182 Ci'dero
933 4133 1073 4180 entertsined
1096 4133 1125 4180 ol
1143 4133 1183 4180 the
1212 4133 1388 4195 responsibilities

197 4201 237 4264 qui
249 4217 296 4250 non
307 4201 428 4258 interiecit.
440 4217 482 4250 nee
499 4199 636 4248 beneficium
650 4199 772 4255 dedisset
822 4197 929 4310 i⁶nrolveg
951 4199 983 4260 by
1005 4197 1051 4244 this
1073 4198 1182 4257 position.
1204 4213 1241 4246 see
1264 4211 1285 4247 ι.
1301 4197 1324 4256 6,
1345 4211 1388 4262 ι4;

197 4267 345 4316 missionem!
841 4269 907 4324 .7,1
928 4297 934 4310 .

234 4340 272 4396 17.
289 4332 480 4382 interiectum
498 4345 547 4379 me.
582 4329 645 4377 ‘Me'
660 4329 678 4377 is
693 4343 773 4376 seon·
