2970 4698
92 243 249 319 §iffi—'⁸4
417 253 589 314 ORATIO
618 255 896 316 PHILIPPICA
924 256 974 318 II.
1251 255 1292 341 83

88 407 125 474 C.
145 410 303 474 Laelium
325 411 571 477 diceres-alio
592 414 653 476 die
675 417 791 496 inquit.
836 414 868 477 0
894 414 1128 498 impudentiam
1152 415 1293 500 singula-

87 517 167 579 rem!
216 515 310 602 Qid
332 515 481 580 videras?
502 517 580 600 quid
601 519 768 581 senseras?
789 517 866 601 quid
887 517 1054 582 audieras?
1079 539 1181 602 neque
1204 523 1292 584 enim

19 604 21 616 ’
86 619 184 681 tede
208 621 306 682 caelo
328 639 471 683 servasse
495 619 620 706 dixisti,
644 641 704 684 nec
725 621 821 684 hodie
842 621 933 685 dicis.
978 621 1015 685 Id
1039 625 1137 706 igitur
1159 625 1294 688 obvenit

86 723 220 806 vitium,
241 723 326 806 quod
349 733 385 787 tu
408 725 474 786 iarn
497 723 656 788 Kalendis
677 724 835 788 Ianuariis
858 725 998 789 futurum
1020 746 1089 790 esse
1111 727 1294 811 provideras

85 842 118 888 et
142 835 244 891 tanto
266 837 345 891 ante
370 829 580 912 praedixeras.
625 828 709 912 Ergo
737 828 864 892 hercule
894 847 1023 914 magna,
1049 839 1085 894 ut
1109 849 1212 914 spero,
1239 841 1322 904 tuas

86 933 318 1013 potiusquam
344 934 391 994 rei
415 933 560 1016 publicae
586 932 773 996 calamitate
798 935 974 996 ementitus
1000 953 1035 996 es
1059 935 1215 1020 auspicia,
1238 935 1294 996 ob-

85 1037 251 1098 strinxisti
282 1036 439 1118 religione
476 1036 625 1120 populum
658 1035 856 1120 Romanum,
891 1055 989 1119 augur
1024 1041 1147 1122 auguri,
1183 1038 1294 1102 consul

12 1208 16 1228 ,
85 1139 212 1201 consuli
234 1139 448 1202 obnuntiasti.
494 1138 585 1203 Nolo
604 1141 705 1224 plura,
726 1161 767 1202 ne
788 1149 862 1204 acta
880 1139 1069 1204 Dolabellae
1087 1140 1197 1204 videar
1212 1123 1295 1205 'con-

13 1272 14 1284 .
85 1242 221 1324 vellere,
243 1261 327 1324 quae
356 1261 487 1305 necesse
512 1253 561 1307 est
584 1243 756 1326 aliquando
776 1243 818 1307 ad
841 1252 984 1306 nostrum
1014 1244 1186 1326 collegium
1207 1244 1295 1307 defe-

13 1308 209 1408 hsatientur.
263 1343 324 1409 Sed
356 1347 573 1428 arrogantiam
603 1347 746 1410 hominis
782 1347 1057 1428 insolentiamque
1098 1349 1295 1429 cognoscite.
1311 1369 1342 1406 ro

85 1447 198 1536 Qm
216 1448 274 1510 diu
292 1456 328 1511 tu
348 1449 451 1533 voles,
466 1450 603 1513 vitiosus
623 1451 734 1514 consul
755 1448 945 1513 Dolabella:
967 1469 1082 1534 rursus,
1102 1469 1176 1513 cum
1195 1450 1296 1536 voles,

84 1552 189 1614 salvis
218 1553 373 1636 auspiciis
410 1561 545 1615 creatus.
603 1553 636 1617 Si
667 1553 749 1616 nihil
785 1563 847 1637 est,
881 1572 955 1618 curn
983 1572 1081 1636 augur
1116 1555 1159 1616 iis
1190 1555 1296 1617 verbis

85 1657 234 1739 nuntiat,
256 1655 371 1738 quibus
395 1664 431 1718 tu
451 1659 624 1741 nuntiasti,
647 1656 798 1721 confitere
822 1667 867 1741 te,
889 1675 962 1721 cum
984 1658 1060 1720 alio
1082 1657 1144 1720 die
1166 1657 1295 1742 dixeris,

12 1838 16 1860 ν
84 1760 232 1822 sobrium
256 1777 322 1822 non
340 1759 459 1822 fuisse:
481 1762 532 1823 sin
554 1770 603 1823 est
620 1761 728 1844 aliqua
743 1762 794 1822 vis
815 1763 850 1824 in
869 1763 940 1824 istis
955 1761 1073 1846 verbis,
1092 1781 1131 1824 ea
1151 1781 1232 1845 quae
1251 1764 1295 1825 sit

12 1872 13 1880 ’
41 1937 66 1952 ᾖ
85 1882 187 1945 augru
201 1881 223 1924 a
238 1861 362 1946 collega
377 1865 513 1946 requiro.
1313 1868 1341 1919 ¹5

26 1967 73 2034 34
128 1965 194 2029 Sed
222 1985 266 2028 ne
293 1965 375 2029 forte
404 1985 444 2028 ex
469 1968 579 2030 multis
606 1967 697 2030 rebus
723 1969 822 2050 gestis
848 1969 987 2031 Antonii
1013 1987 1081 2031 rem
1107 1987 1205 2032 unam
1227 1969 1322 2052 pul-·

86 2069 285 2132 cherrimam
308 2070 472 2132 transiliat
494 2073 610 2154 uranu,
632 2071 672 2134 ad
696 2071 884 2156 Lupercalia
903 2073 1080 2135 veniamus.
1124 2072 1206 2136 Non
1231 2072 1296 2134 dis-

82 2173 237 2256 simulat,
251 2182 359 2258 patres
374 2176 566 2258 conscripti:
589 2184 720 2258 apparet
743 2195 811 2239 esse
826 2184 1045 2258 commotum3
1066 2175 1170 2259 sudat,
1186 2175 1295 2259 pallet.

87 2339 189 2386 Calvum
228 2338 388 2402 praerogativa
422 2341 539 2386 tribunum
572 2339 672 2387 rnilitum
723 2341 763 2403 ing
775 2340 883 2402 theycan
895 2341 1058 2402 possiblybear
1069 2339 1121 2387 that
1132 2339 1189 2386 shall
1202 2341 1296 2386 beton

10 2419 16 2446 t
88 2403 223 2464 (oo-dm·
238 2405 360 2465 potestat)
377 2413 463 2460 munt,
548 2419 673 2466 omnesque
724 2407 804 2452 sistent
826 2405 884 2452 with
906 2421 965 2466 your
993 2413 1083 2467 present
1105 2405 1250 2469 recognition
1271 2405 1300 2451 ol

86 2470 198 2530 deinceps
210 2483 240 2516 ea
257 2468 356 2532 collegio
367 2470 469 2516 eiusdem
486 2471 539 2517 anni
557 2470 618 2517 retici
635 2486 674 2532 ap-
724 2471 841 2518 Dolabella
852 2486 877 2518 as
887 2471 988 2519 GonsuL'

87 2537 205 2595 parebat;
218 2569 262 2580 ...
279 2535 318 2594 qni
335 2535 467 2595 priusquam
484 2536 674 2590 renuntiarentur,
756 2551 776 2582 c.
789 2549 828 2597 3⁴·
848 2535 895 2582 rae
910 2545 1037 2584 ssorum
1055 2543 1082 2582 nt
1099 2535 1135 2583 tbe
1151 2534 1296 2596 Lupercales,

87 2603 138 2646 inre
149 2601 242 2647 somus
260 2599 362 2646 tribubus
380 2601 489 2660 permissu
511 2599 630 2664 interregis
648 2601 686 2647 tt·
722 2601 786 2649 ethus
803 2601 897 2661 Antosy
917 2610 959 2649 sot
979 2601 1032 2660 only
1054 2615 1079 2648 so
1094 2601 1141 2660 fer
1156 2601 1201 2662 sor
1261 2601 1298 2648 the

88 2666 194 2712 Licinius
215 2665 301 2712 Calvus
324 2666 356 2711 ita
378 2666 449 2712 verba
471 2667 541 2721 fecit:
562 2666 614 2714 that
633 2665 673 2713 the
723 2667 813 2729 dgntry
824 2667 894 2727 ostln
910 2666 1075 2727 consulsbipas
1092 2675 1197 2712 torvnu
1261 2666 1298 2714 tbs

87 2731 193 2778 electiou
204 2730 255 2777 also
265 2729 326 2776 took
337 2731 401 2790 plane
417 2732 543 2795 according
559 2731 672 2786 totribes,
724 2741 800 2779 streets
810 2731 867 2793 hals
872 2730 953 2786 naid,
966 2731 1006 2779 but
1022 2731 1083 2778 tra‘ed
1098 2730 1303 2793 tonsakebt'msels
1370 2765 1372 2770 ·

87 2795 383 2843 bntNiebuhrhasshovrn
391 2795 602 2858 (llist.Roure3.p.
612 2796 672 2860 339)
722 2797 773 2844 used
787 2797 824 2844 tbs
839 2797 934 2844 Russus
947 2796 1027 2858 propte
1043 2795 1122 2857 openly
1132 2797 1169 2844 sse
1184 2796 1256 2843 slaves
1272 2798 1302 2858 os

13 2881 15 2897 ι
87 2862 143 2909 that
153 2861 196 2908 the
205 2861 304 2908 electiun
315 2869 341 2908 to
352 2861 393 2908 the
408 2862 510 2924 military
524 2861 673 2922 tribuneship,
723 2861 968 2926 Cuessr,byqffering
978 2862 1157 2909 Menam:
1174 2863 1225 2908 ssd
1233 2863 1297 2908 uben

87 2927 172 2974 uuhke
183 2926 238 2973 that
249 2934 276 2973 to
287 2925 327 2972 the
343 2927 482 2989 corunlship,
494 2926 554 2974 toolr
571 2927 671 2987 placeat
723 2927 809 2975 Guasr
819 2927 868 2974 bad
877 2928 913 2975 tlte
927 2941 1000 2990 grace
1015 2936 1038 2975 tn
1055 2927 1122 2988 rq'eet
1139 2927 1264 2982 ithutesd
1273 2927 1303 2987 as

10 3021 14 3046 ,
88 2991 267 3040 tbe‘Gomitia
279 2989 381 3040 tributa·
720 2991 1297 3056 uungrtemaserctropffieopmtypmctatmt,

126 3069 148 3105 t.
165 3057 197 3104 C.
212 3057 358 3104 Laelium:
375 3071 412 3118 ep.
432 3057 487 3104 Nat.
499 3057 568 3104 Deor.
581 3069 605 3117 3.
617 3070 640 3112 a,
656 3069 670 3118 5
721 3058 771 3104 aad
785 3060 869 3106 euaad
883 3059 903 3105 it
918 3067 941 3106 tu
958 3058 983 3105 bs
999 3058 1110 3106 recorded
1125 3059 1149 3103 irs
1168 3057 1205 3105 tbe
1221 3055 1298 3118 public

10 3159 15 3182 ,
90 3123 193 3171 ‘liabeo
215 3121 244 3169 C.
267 3121 370 3170 Laelium
394 3137 505 3186 augure·
528 3124 671 3183 eundemque
722 3121 1299 3178 murts,rsarbebadrriectromattotes1tonu

11 3229 12 3248 ,
90 3190 231 3249 sapientae.
243 3202 312 3248 quern
323 3189 401 3248 potius
413 3187 505 3235 audiam
517 3189 545 3236 de
562 3189 672 3252 religione
721 3188 775 3236 sereb
785 3203 801 3234 s
811 3197 909 3248 tyranny
920 3203 946 3235 res
957 3189 982 3235 s'n
999 3187 1066 3236 oldest
1083 3188 1147 3234 rienes
1157 3187 1206 3234 had
1216 3189 1300 3236 mad

91 3256 116 3300 in
138 3254 179 3300 ills
201 3253 306 3300 wdone
333 3253 406 3300 nobili
434 3267 503 3314 quam
531 3268 671 3315 quemquam
721 3253 1298 3314 thedestboresilsosnlltbnsewbonimedetit.

91 3320 222 3379 principem
234 3319 381 3368 Stoicorum!
758 3314 796 3366 16.
813 3319 902 3366 Unam
925 3319 1151 3380 pulcherrimam,
1174 3317 1229 3366 ‘the
1244 3333 1299 3378 very

126 3384 195 3431 Alio
217 3384 272 3431 die.
307 3383 367 3431 This
385 3398 433 3430 vtes
454 3383 495 3430 the
517 3385 608 3448 regular
627 3387 672 3431 lor·
724 3384 801 3431 lairest
818 3385 917 3432 ectionz'
950 3400 984 3445 ep.
1002 3384 1065 3433 Lael.
1086 3396 1107 3431 ι.
1126 3383 1297 3431 1‘Scaevolam

92 3450 156 3497 mula
173 3451 209 3496 lor
226 3449 340 3513 deelariug
356 3446 576 3497 the⁸Comitia’to
593 3451 672 3497 bead·
722 3449 818 3504 contuli,
844 3465 912 3512 quem
934 3465 1006 3498 unum
1034 3457 1125 3498 nostme
1146 3449 1247 3496 civitatis
1274 3458 1298 3496 et

92 3515 204 3574 joann&
222 3515 380 3578 cpdeLegg.
394 3523 506 3575 a.1a,3t
528 3514 606 3575 ‘Qid
624 3530 674 3578 gra·
724 3515 816 3577 ingenio
839 3523 862 3562 et
886 3516 971 3562 iustitia
994 3515 1215 3576 praestantissimum
1230 3515 1298 3562 audes

95 3581 146 3628 eius
170 3595 241 3641 quam
261 3593 310 3627 rem
329 3589 458 3640 susceptam
476 3580 561 3635 dirisni,
580 3581 600 3627 si
616 3595 674 3628 unus
724 3581 798 3627 dicere
806 3580 819 3636 3¹
842 3581 886 3628 and
908 3579 972 3644 Virg.
994 3581 1036 3628 Ae.
1057 3593 1079 3627 a.
1102 3576 1151 3639 4²6
1171 3579 1254 3626 ‘Cadit
1274 3589 1297 3626 et

94 3661 168 3710 augur
178 3651 193 3672 ‘¹
202 3645 249 3692 alio
259 3645 315 3693 die''
327 3645 425 3694 dixerit!
724 3645 835 3706 Rhipeus,
847 3647 982 3694 iustissimus
993 3661 1050 3692 unus
1062 3645 1110 3704 Qui
1121 3643 1181 3692 suit!

127 3725 154 3770 ³·
171 3711 213 3756 De
229 3711 312 3758 caelo
334 3723 472 3759 servasse.
511 3708 674 3768 Secontdt.
760 3720 797 3773 17.
814 3712 854 3758 Ad
877 3711 1047 3771 Lupercalia.
1081 3710 1119 3757 On
1137 3709 1178 3757 the
1198 3710 1255 3770 15th
1274 3710 1303 3758 οἰ

127 3775 153 3824 8.
171 3775 378 3824 obnuntiasti.
411 3777 453 3824 See
463 3790 494 3822 on
506 3779 518 3834 9
532 3775 573 3823 80.
725 3773 848 3838 February.
878 3775 985 3824 Plutarch
996 3777 1074 3836 (Caes.
1085 3772 1129 3838 61)
1138 3776 1251 3824 describes
1258 3775 1299 3822 the

136 3840 325 3895 Convellere,
361 3847 406 3888 ‘to
436 3839 541 3902 nullifyt'
567 3855 603 3902 cp.
633 3856 675 3900 pro
725 3842 809 3889 licence
828 3841 880 3888 that
900 3842 1013 3903 presailed
1035 3841 1117 3905 during
1137 3841 1183 3889 this
1201 3841 1299 3895 festival,

96 3907 166 3955 Caes
181 3905 218 3953 18.
228 3920 256 3968 5¹
275 3907 359 3966 ‘Qrae
371 3907 454 3954 iudicia
466 3915 506 3954 aut
518 3907 675 3968 stipulationes
724 3907 774 3954 reis
783 3907 885 3968 eiqeseiv
896 3906 1024 3956 asaelem
1031 3907 1070 3955 sel
1079 3905 1204 3970 ἀρχόντων
1209 3904 1299 3954 πολλοὶ

97 3970 210 4031 autpacti
221 3981 246 4018 et
261 3973 370 4020 conventi
387 3973 487 4020 formula
501 3987 547 4018 non
566 3971 675 4020 infirmari
726 3973 858 4020 destituere
876 3971 921 4020 est
937 3971 984 4030 τὴν
999 3970 1071 4020 πόλιν
1092 3971 1178 4033 γυμναὶ
1198 3967 1300 4019 enirm

11 4085 12 4093 ,
97 4053 124 4084 ac
135 4036 234 4084 convelli
245 4046 329 4096 potest,
338 4038 358 4084 si
368 4038 397 4084 ad
408 4039 478 4084 verba
489 4052 538 4084 rem
556 4038 675 4086 deflectere
725 4036 1052 4094 harlersrebsirsauddrsdel
1067 4033 1299 4100 milassi-ritem

99 4098 210 4150 velimus!
724 4099 841 4152 παίοντες.
875 4104 901 4149 ln
916 4103 951 4150 his
969 4104 1007 4149 lite
1024 4103 1162 4164 othntony,
1177 4115 1198 4148 c.
1218 4111 1256 4156 ts,
1269 4099 1300 4148 he

131 4181 156 4232 9.
173 4167 362 4223 Delerentur,
380 4167 435 4216 ‘the
452 4168 549 4230 validity
560 4170 589 4215 of
597 4167 674 4214 which
725 4167 774 4214 tells
791 4183 817 4214 us
831 4167 882 4215 that
893 4169 988 4228 Antony
1003 4167 1063 4215 took
1080 4176 1131 4228 part
1143 4169 1167 4214 in
1178 4163 1224 4212 this
1230 4180 1237 4220 ;
1254 4164 1299 4211 md

101 4241 160 4280 must
171 4241 196 4279 at
206 4247 271 4280 some
281 4234 358 4282 future
369 4234 426 4282 time
437 4235 467 4282 be
481 4235 580 4282 referred
591 4243 617 4280 to
635 4233 675 4280 tbe
725 4233 748 4279 in
760 4233 817 4280 both
829 4234 902 4294 places
913 4233 943 4280 he
959 4233 1023 4295 gives
1038 4233 1102 4280 afull
1114 4235 1211 4279 account
1223 4229 1252 4276 ol
1264 4229 1300 4276 his

11 4353 12 4356 Ἴ
99 4299 188 4361 college
199 4297 227 4344 oi
235 4313 317 4362 augure
328 4299 365 4346 ior
376 4299 436 4348 their
447 4297 565 4346 decision’
725 4297 821 4358 offerirrg
845 4297 885 4343 the
907 4311 984 4343 mosen
1010 4305 1035 4342 to
1057 4297 1147 4344 Caesar.
1192 4293 1237 4352 Cp.
1262 4305 1300 4356 13.

135 4363 221 4424 rata
238 4379 310 4424 quae
327 4365 372 4419 sit,
388 4365 466 4412 ‘show
482 4379 508 4410 us
521 4363 584 4409 what
599 4375 676 4407 mean·
729 4371 766 4418 15.
778 4371 817 4418 31.

1025 4448 1081 4490 Ga
