2970 4698
146 269 207 352 158
487 260 538 329 rr.
567 260 727 330 ruarrr
754 265 1005 331 crcuaours
1154 287 1344 366 ,mm-1³,

143 431 262 498 sultum
291 428 475 494 faciendum
505 447 644 495 censeo:
681 429 766 496 Cum
795 429 838 494 D.
868 427 981 494 Brutus
1017 432 1201 514 imperator,
1229 427 1342 492 consirl

143 535 338 618 designatus,
368 533 568 618 provinciam
597 532 741 598 Galliam
772 535 807 596 in
837 543 967 598 senatus
996 534 1167 619 populique
1195 533 1342 598 Romani

144 646 302 724 potestate
325 645 447 722 teneat,
461 655 606 740 'cumque
628 639 805 702 exercitum
831 647 959 702 tantum
985 647 1054 702 tam
1078 636 1166 700 brevi
1193 646 1341 719 tempore

145 769 272 814 summo
296 749 403 814 studio
428 751 678 833 municipiorum
705 750 964 832 coloniarumque
990 751 1175 833 provinciae
1200 747 1344 831 Galliae,

117 857 269 938 soptime
298 853 338 918 de
367 874 400 916 re
428 855 557 937 publica
586 855 720 917 meritae
750 855 978 937 moestisque,
1004 853 1229 936 conscripserit
1254 869 1346 914 com-

146 959 276 1041 pararit,
303 957 336 1022 id
361 976 435 1020 eum
460 965 547 1021 recte
568 965 602 1020 et
623 956 736 1020 ordine
758 975 858 1042 exque
883 975 918 1020 re
943 954 1071 1040 publica
1095 955 1222 1039 fecisse,
1248 952 1345 1037 idque

146 1059 188 1124 D.
220 1059 309 1123 Bruti
338 1061 648 1144 praestantissimum
678 1061 830 1123 meritum
860 1060 896 1122 in
924 1077 993 1123 rem
1024 1059 1185 1142 publicam
1215 1055 1345 1122 senatui

145 1162 322 1248 populoque
336 1162 488 1227 Romano
501 1173 626 1247 gratum
642 1183 711 1226 esse
729 1172 762 1227 et
777 1163 864 1226 fore:
887 1163 996 1244 itaque
1013 1171 1160 1226 senatum
1179 1160 1347 1244 populum-

144 1287 207 1353 que
218 1265 404 1330 Romanum
418 1269 614 1350 existimare,
625 1265 668 1331 D.
682 1265 771 1329 Bruti
787 1267 1001 1350 imperatoris,
1016 1265 1157 1329 consulis
1172 1263 1347 1347 designati,

103 1389 134 1426 ιο
145 1391 252 1456 opera,
281 1370 431 1454 consilio,
460 1371 580 1433 virtute
609 1368 855 1453 incredibilique
884 1369 991 1433 studio
1019 1379 1053 1432 et
1082 1387 1240 1432 consensu
1273 1385 1347 1451 pro-

144 1477 274 1540 vinciae
292 1475 421 1538 Galliae
439 1475 486 1536 rei
508 1473 655 1556 publicae
674 1471 868 1536 difficillimo
886 1483 1030 1556 tempore
1051 1491 1120 1536 esse
1141 1472 1345 1535 subventum.

144 1578 233 1644 Huic
267 1586 360 1642 tanto
389 1578 506 1641 merito
535 1575 636 1660 Bruti,
666 1585 772 1660 patres
800 1577 987 1660 conscripti,
1017 1585 1171 1658 tantoque
1207 1577 1243 1637 in
1273 1590 1398 1647 remsu

143 1683 305 1766 publicam
319 1679 474 1744 beneficio
487 1681 559 1763 quis
574 1689 623 1743 est
638 1687 748 1743 nutus
762 1679 864 1743 bonos
878 1679 933 1764 qui
950 1697 1015 1741 non
1030 1677 1206 1742 debeatur?
1250 1676 1344 1741 Nam

145 1787 173 1848 si
188 1784 238 1850 M.
254 1784 401 1848 Antonio
415 1784 571 1868 patuisset
585 1783 706 1866 Gallia,
721 1783 750 1846 si
769 1783 928 1866 oppressis
948 1782 1137 1865 municipiis
1156 1790 1190 1844 et
1205 1781 1345 1844 coloniis

103 1899 131 1950 ¹5
146 1889 313 1972 imparatis
333 1889 368 1950 in
388 1887 479 1950 illam
499 1887 648 1951 ultimam
668 1885 811 1951 Galliam
832 1895 998 1970 penetrare
1018 1887 1185 1969 potuisset,
1205 1893 1346 1968 quantus

145 1994 192 2056 rei
217 1991 362 2076 publicae
386 2000 486 2055 terror
508 1989 731 2073 impenderet?
776 1987 961 2074 Dubitaret‚
981 1988 1087 2072 credo,
1113 1989 1210 2052 homo
1232 2007 1345 2052 amen-

145 2097 290 2161 tissimus
304 2103 399 2178 atque
420 2095 456 2156 in
471 2093 622 2156 omnibus
641 2094 789 2157 consiliis
807 2111 956 2177 praeceps
972 2103 1005 2156 et
1019 2092 1132 2156 devius
1152 2112 1218 2156 non
1239 2091 1345 2155 sulum

141 2219 218 2268 ¹cum
248 2201 390 2263 exercitu
415 2216 484 2280 su0,
509 2196 565 2260 sed
591 2197 693 2260 etiam
719 2215 792 2260 cum
821 2198 911 2259 omni
942 2197 1150 2260 immanitate
1179 2197 1346 2260 barbariae

146 2303 265 2367 bellum
291 2301 409 2364 inferre
434 2300 539 2384 nobis,
559 2310 595 2363 ut
619 2299 688 2363 eius
711 2299 849 2363 furorem
877 2319 918 2363 ne
942 2299 1075 2383 Alpium
1098 2300 1227 2384 quidem
1252 2317 1346 2363 muro

103 2426 134 2462 πο
147 2408 296 2472 cohibere
325 2423 499 2490 possemus.
552 2403 645 2467 Haec
671 2405 768 2488 igitur
781 2401 939 2467 'habenda
963 2406 1068 2486 gratia
1092 2412 1142 2467 est
1167 2402 1209 2469 D.
1235 2403 1345 2487 Bruto,

145 2513 200 2592 qui
231 2511 335 2592 illum,
361 2506 504 2571 nondum
530 2507 723 2590 interposita
750 2509 942 2571 auctoritate
972 2517 1089 2591 vestra,
1118 2526 1176 2570 suo
1205 2506 1347 2571 consilio

146 2623 241 2696 atque
271 2611 392 2676 iudicio
424 2630 490 2674 non
516 2621 551 2674 ut
581 2611 746 2674 consulem
774 2612 907 2695 recepit,
936 2610 992 2674 sed
1021 2619 1057 2676 ut
1086 2611 1212 2674 hostem
1241 2611 1346 2674 arcuit

146 2717 258 2780 Gallia
282 2735 377 2798 seque
403 2715 542 2779 obsideri
568 2733 664 2796 quam
690 2714 772 2778 hanc
797 2715 908 2778 urbem
934 2714 1060 2777 maluit.
1114 2713 1246 2777 Habeat
1268 2731 1346 2797 ergo

146 2821 239 2884 huius
267 2821 353 2883 tanti
383 2817 461 2882 facti
488 2828 618 2900 tamque
644 2818 797 2902 praeclari
826 2816 955 2882 decreto
984 2827 1094 2880 nostro
1119 2817 1346 2881 testimonium

102 2939 132 2989 2⁵
147 2924 396 3008 sempiternum:
424 2921 605 3006 Galliaque,
629 2941 710 3006 quae
733 2911 858 3004 semper
883 2921 1043 3005 praesidet
1066 2929 1162 3005 atque
1185 2918 1346 3005 praesedit

147 3026 221 3090 huic
237 3027 373 3110 imperio
393 3024 596 3107 libertatique
614 3026 790 3108 communi,
806 3026 921 3088 merito
935 3043 1071 3107 vereque
1091 3024 1245 3108 laudetur,
1261 3021 1345 3106 quod

147 3148 183 3191 se
197 3147 330 3212 suasque
346 3129 430 3190 vires
446 3146 511 3190 non
526 3126 669 3212 tradidit,
684 3129 740 3191 sed
755 3129 902 3212 opposuit
918 3128 1074 3193 Antonio.

191 3232 298 3314 Atque
326 3231 427 3295 etiam
451 3229 501 3293 M.
528 3229 652 3315 Lepido
678 3251 735 3315 pro
764 3232 833 3295 eius
857 3233 992 3316 egregiis
1017 3233 1054 3293 in
1084 3251 1152 3294 rem
1182 3231 1343 3314 publicam
1356 3225 1408 3292 14
1482 3213 1483 3224 ¹

183 3463 220 3512 15.
240 3452 381 3506 Ultimam,
408 3451 485 3500 Gallia
515 3449 675 3514 Transalpina,
696 3463 723 3502 at
771 3453 1031 3518 speaking,muchless
1048 3463 1119 3515 steep,
1136 3456 1180 3501 and
1198 3453 1346 3502 thereisrm

147 3517 311 3629 prffldyfflq
330 3517 362 3628 ῗ]
381 3515 408 3563 L.
426 3517 545 3565 Munatius
562 3519 666 3574 Plancus,
682 3519 722 3568 the
771 3521 889 3568 extensive
910 3521 972 3582 plain
990 3527 1016 3568 to
1035 3521 1088 3584 gire
1107 3521 1148 3568 the
1167 3521 1230 3568 force
1249 3521 1277 3568 oi
1292 3533 1346 3568 ooo·

148 3595 221 3724 ⁰173
241 3591 591 3711 nevidsfcd'vanduingrrom
605 3649 646 3696 the
665 3649 722 3709 path
771 3591 844 3712 maz.
863 3651 1002 3700 Praesidet
1029 3659 1109 3713 atque
1139 3651 1285 3712 praesedit,
1308 3651 1346 3698 'is

148 3713 177 3760 ol
193 3711 281 3762 virtue!
315 3713 357 3774 Cp.
369 3713 398 3760 de
409 3714 462 3760 Am
476 3726 514 3775 ²5.
525 3728 557 3778 93
569 3715 648 3776 ‘Qrid
659 3715 722 3762 enim
771 3729 833 3772 now,
845 3717 889 3763 and
906 3717 992 3778 always
1003 3715 1045 3762 baa
1060 3717 1127 3772 been,
1144 3715 1184 3762 the
1198 3715 1303 3763 hulwarlr
1320 3717 1349 3764 ol

148 3785 341 3840 potestessetam
358 3779 469 3835 flexibile,
481 3789 529 3826 tam
545 3781 638 3828 derium
652 3795 721 3841 quam
771 3795 814 3827 our
836 3781 937 3842 ernpiress
959 3781 1023 3845 lyiug
1043 3797 1067 3828 as
1089 3797 1119 3828 an
1138 3781 1240 3829 obstacle
1260 3791 1285 3828 to
1304 3782 1346 3830 the

148 3843 536 3958 fflacsstygnqiplifidasselriycsr
542 3847 632 3959 rpltrsuan
650 3854 722 3958 atque
771 3846 863 3958 iffiroads
874 3849 903 3894 ol
910 3847 951 3894 the
968 3855 1035 3894 outer
1050 3847 1180 3895 barbadam
1195 3847 1287 3910 beyond
1304 3847 1346 3896 the

538 3947 544 3958 .
573 3947 578 3960 .
640 3917 646 3938 ⁸
673 3925 723 3960 trus
800 3925 835 3971 ps.

148 3975 546 4103 'lihir‘dmiillioefflm
561 4041 678 4104 aaa,
695 4041 724 4090 ος
771 3977 1079 4104 „tiridatis
1092 3976 1349 4106 'diffiniit

147 4105 194 4152 thia
217 4105 345 4165 uproeslon
367 4106 386 4152 is
408 4106 464 4167 only
483 4114 508 4153 to
528 4108 558 4154 be
578 4107 720 4168 appreciated
771 4107 847 4154 Gallia
868 4107 1023 4156 Narbonensis
1040 4109 1086 4154 and
1104 4108 1217 4168 Hispania
1236 4109 1345 4167 Citerior,

147 4170 217 4218 'hen
236 4170 277 4219 the
296 4171 351 4231 Alps
370 4185 409 4219 are
426 4186 479 4218 seen
497 4173 557 4220 from
578 4171 619 4219 the
639 4172 720 4219 Italian
770 4173 815 4219 and
832 4174 934 4234 repaired
954 4171 1041 4221 thither
1059 4174 1147 4234 shortly
1167 4174 1226 4220 atter
1242 4175 1345 4224 Caesar's

149 4235 204 4292 aide,
221 4236 366 4298 deacmding.
383 4251 407 4282 as
424 4237 442 4281 it
460 4251 532 4283 seenrs
551 4238 611 4284 from
631 4251 645 4283 a
662 4237 721 4283 little
771 4237 848 4294 death,
865 4247 890 4284 at
907 4239 1022 4298 Antony's
1042 4237 1183 4302 instigation.
1202 4247 1228 4285 to
1244 4247 1283 4302 try
1299 4243 1345 4289 and

149 4301 259 4356 dimne,
287 4301 447 4362 precipitourly
469 4300 519 4347 into
545 4301 586 4348 the
613 4299 674 4359 plain
696 4301 725 4347 of
771 4302 931 4349 reconcilethe
941 4317 1046 4366 younger
1054 4304 1158 4365 Pompey
1167 4311 1193 4351 to
1205 4303 1245 4351 the
1257 4316 1345 4364 miste,

150 4366 289 4430 Lombardy.
324 4364 377 4414 'l'he
387 4365 495 4414 northern
509 4365 556 4413 side
568 4365 594 4421 is,
605 4365 721 4427 generally
771 4366 829 4413 with
845 4367 886 4414 the
902 4367 997 4415 ulterior
1014 4369 1091 4428 object
1108 4369 1136 4416 ol
1149 4368 1288 4436 weakening
1305 4373 1346 4421 the

457 4646 530 4662 ᾤ..
