2970 4700
101 275 135 335 ss
148 277 265 329 rr-sr.
415 265 585 328 onnrro
612 265 885 330 Parammon
909 266 1015 328 arri.
1248 281 1311 352 309

101 428 155 488 usi
188 426 380 491 liberalitate
410 429 550 492 Antonii
582 427 705 492 milites
734 427 959 512 imperatorem
988 426 1183 510 reliquerunt
1212 433 1246 490 et
1275 444 1312 490 se

99 529 146 592 ad
166 531 291 594 hostem
310 539 400 594 metu
419 532 581 615 perterriti
602 531 824 595 contulerunt:
847 551 902 615 per
919 550 999 615 quos
1018 532 1046 594 si
1065 550 1131 594 non
1151 530 1310 615 stetisset,

101 653 174 698 non
198 635 368 698 Dolabella
393 636 480 720 prius
508 637 693 720 imperatori
719 654 777 698 suo
802 652 897 717 quam
920 634 1085 698 Antonius
1113 635 1216 697 etiam
1245 633 1312 697 col-

15 737 197 820 aelegae
234 747 442 822 parentasset.
501 737 739 804 Concordiae
775 739 917 801 factam
954 757 1036 800 esse
1075 737 1311 800 mentionem

7 887 10 924 ;
99 841 348 906 scribitis'in
374 850 510 906 senatu
537 849 574 904 et
606 841 751 926 legatos
780 861 862 905 esse
891 842 1109 905 consulares
1134 841 1340 923 quinques

7 995 9 1002 .
99 944 287 1008 Difficile
317 954 375 1010 est
401 945 555 1010 credere
582 965 656 1030 eos,
685 947 748 1027 qui
780 964 836 1008 me
866 945 1119 1030 praecipitem
1148 945 1310 1028 egerint,

7 1097 18 1136 .-
99 1051 355 1131 aequissimas
402 1049 647 1113 conditiones
692 1049 881 1113 ferentem
927 1057 965 1112 et
1005 1056 1132 1118 tamen
1170 1067 1213 1110 ex
1258 1047 1309 1110 iis

7 1209 8 1212 ,
99 1151 253 1235 aliquid
282 1153 482 1216 remittere
513 1154 759 1237 cogitantem,
788 1161 919 1237 putare
945 1151 1090 1234 aliquid
1117 1150 1310 1214 moderate

7 1239 8 1244 ἵ
100 1264 168 1319 aut
193 1257 354 1319 humane
380 1275 463 1319 esse
488 1255 666 1320 facturos.
722 1254 793 1318 Vix
823 1257 939 1318 etiam
969 1256 1049 1318 veri
1079 1253 1208 1317 simile
1238 1261 1309 1336 est,
1399 1279 1406 1291 ·

8 1419 9 1426 ,
99 1359 167 1442 qui
205 1357 464 1423 iudicaverint
504 1359 649 1422 hostem
690 1357 928 1422 Dolabellam
968 1359 1013 1421 ob
1052 1357 1355 1421 rectissimumro

7 1444 24 1532 ‚³
100 1462 265 1546 sacione,
290 1462 441 1526 eosdem
467 1463 578 1525 nobis
604 1481 756 1546 parcere
782 1479 890 1545 posse
915 1460 1014 1524 idem
1040 1460 1309 1523 sentientibus,

7 1557 27 1644 J,
100 1564 262 1629 Parumne
288 1565 415 1629 videtur
443 1567 591 1629 omnium
620 1564 799 1628 facinorum
825 1565 888 1628 sibi
914 1584 987 1628 cum
1013 1562 1183 1626 Dolabella
1206 1563 1308 1626 socie-

100 1677 209 1734 tatem
238 1669 357 1732 initam
387 1668 559 1734 confiteri?
615 1668 739 1732 Nonne
766 1669 901 1732 cernitis
927 1687 965 1730 ex
990 1686 1055 1730 uno
1080 1667 1170 1729 fonte
1196 1665 1310 1728 omnia

8 1757 30 1850 ‚¹
100 1773 226 1838 scelera
247 1774 401 1837 manare?
449 1770 521 1858 Ipse
544 1772 682 1855 denique
706 1772 834 1856 fatetur,
861 1773 921 1836 hoc
945 1771 1075 1853 quidem
1099 1771 1179 1834 satis
1202 1777 1307 1853 acute,

9 1864 32 1968 ’ζ
100 1895 172 1940 non
200 1895 293 1960 posse
323 1895 390 1961 eos,
415 1877 471 1959 qui
500 1877 626 1940 hostem
652 1875 855 1940 Dolabellam
885 1875 1099 1939 iudicaverint
1124 1874 1166 1936 ob
1194 1873 1308 1936 rectis-
1324 1887 1353 1941 ¹⁵

102 1979 225 2043 simum
253 1979 470 2044 facinus—ita
498 1981 588 2043 enim
617 1979 744 2044 videtur
773 1979 1027 2044 Antonio—sibi
1059 1997 1186 2063 parcere
1219 1976 1308 2040 idem

7 2061 86 2188 ,i8
103 2084 275 2147 sentienti.
334 2083 421 2164 Quid
458 2083 533 2149 huic
571 2083 682 2168 facias,
718 2084 773 2167 qui
814 2084 876 2146 hoc
914 2082 1034 2145 litteris
1073 2081 1309 2162 memoriaeque

7 2191 88 2243 ³⁷
105 2185 279 2272 mandarit,
304 2188 351 2251 ita
373 2187 437 2251 sibi
461 2187 650 2251 convenisse
674 2205 748 2251 cum
769 2185 949 2270 Dolabella,
969 2193 1005 2248 ut
1029 2184 1087 2247 ille
1107 2184 1306 2248 Trebonium

7 2293 44 2391 ψ’·
103 2297 152 2374 et,
171 2291 199 2353 si
224 2297 344 2374 posset,
365 2291 465 2353 etiam
487 2289 630 2374 Brutum,
651 2289 813 2373 Cassium,
836 2288 1043 2352 discruciatos
1068 2286 1234 2350 necaret*
1248 2285 1270 2327 ⁴*
1284 2285 1308 2327 l*

7 2385 22 2413 ³*
102 2391 277 2476 eademque
300 2393 460 2457 inhiberet
481 2393 637 2478 supplicia
658 2392 773 2457 nobis?
815 2392 848 2457 0
871 2390 1106 2457 conservandus
1128 2389 1211 2452 civis
1233 2406 1306 2452 cum
1320 2410 1354 2447 ιο

7 2543 46 2580 „5
103 2506 175 2562 tam
199 2497 253 2581 pio
284 2497 429 2581 iustoque
455 2496 599 2562 foedere!
646 2494 679 2560 Is
708 2497 809 2560 etiam
834 2495 976 2578 queritur
1002 2492 1206 2557 conditiones
1233 2509 1308 2554 suas

103 2601 297 2686 repudiatas,
322 2619 437 2684 aequas
465 2600 597 2684 quidem
626 2609 659 2664 et
688 2599 902 2665 verecundas:
935 2607 971 2663 ut
1002 2600 1132 2663 haberet
1160 2599 1306 2664 Galliam

7 2883 46 2928 ιτῖί-
103 2879 228 2935 Ferrarius,
238 2879 422 2942 reed‘itsque;'
439 2882 481 2929 but
493 2879 563 2928 fland
573 2878 681 2942 (Turseli.
732 2880 801 2927 failed
820 2878 915 2928 hewse
935 2888 961 2926 to
983 2877 1062 2925 follow
1084 2886 1126 2925 ont
1147 2877 1183 2924 his
1205 2877 1307 2940 primary

7 2949 42 3006 τό
106 2959 130 2994 a.
151 2944 211 3007 267)
238 2945 314 2994 shows
341 2945 393 2994 that
414 2945 543 3008 ‘denique'
571 2945 619 2994 like
641 2945 683 2994 the
731 2945 816 3006 object.
828 2945 873 2992 aud
881 2943 974 3005 joiubls
984 2944 1056 2991 forces
1067 2951 1094 2991 to
1105 2943 1172 2992 those
1180 2944 1209 2990 of
1218 2943 1307 2992 Hirtius

13 3010 51 3059 rr>
105 3011 361 3067 Germarr¹amEnde.'
371 3026 445 3060 serves
453 3021 479 3060 to
487 3026 577 3074 express
586 3011 681 3058 ironicsl
730 3011 993 3074 inopposingrlntony.

7 3083 55 3143 :sig
106 3075 258 3140 indignarier,
269 3075 402 3142 suggesting
413 3076 681 3138 whrtlsloolredupon
764 3074 788 3125 6.
808 3077 937 3124 Difficile
962 3085 1002 3125 est
1026 3077 1306 3136 credere...putare.

14 3139 48 3184 πῖ·
104 3157 129 3190 as
148 3142 171 3188 in
186 3141 227 3190 the
243 3141 335 3206 highest
350 3143 432 3206 degree
451 3142 600 3204 improbable.
644 3142 681 3189 lle
731 3140 796 3190 Thst
813 3140 887 3189 either
902 3139 1019 3188 ‘medere'
1036 3154 1063 3187 or
1080 3139 1183 3200 ‘putare'
1200 3139 1307 3200 irruper-

103 3221 223 3267 compares
240 3222 283 3269 pro
294 3209 364 3256 Rosc.
375 3209 429 3254 Am.
446 3221 484 3273 ²9·
492 3207 522 3256 81
538 3209 570 3255 ‘li
582 3208 681 3269 denique
730 3208 802 3254 funus
814 3206 832 3253 is
843 3207 918 3260 clear3
935 3207 977 3254 but
985 3204 1125 3253 Garatonius
1136 3205 1230 3253 defends
1241 3205 1306 3253 them

7 3279 48 3330 ,κ
104 3272 145 3335 qni
157 3281 207 3320 tum
218 3273 301 3320 armati
312 3273 360 3321 dies
370 3281 495 3335 nocteque
506 3273 681 3327 concursabant,
731 3272 798 3328 both,
814 3271 924 3335 thinking
940 3270 991 3319 that
1010 3271 1115 3332 ‘putare'
1133 3279 1222 3332 reperts
1242 3277 1307 3318 ‘cre-

14 3337 52 3392 ,ὑί
105 3373 131 3386 ..
148 3371 155 3385 .
170 3337 223 3387 Sex.
238 3339 325 3386 Roscio
343 3339 452 3400 temporis
463 3339 521 3386 illius
532 3340 681 3387 acerbitatem
731 3336 795 3386 dere'
817 3352 848 3384 ou
865 3346 965 3385 account
984 3338 1014 3384 of
1028 3335 1068 3384 the
1086 3336 1142 3399 long
1161 3337 1307 3400 interesting

10 3411 56 3464 far?
104 3403 298 3466 iniquitatemque
308 3405 432 3452 obiicienti
731 3405 814 3452 clause.
848 3403 885 3450 lle
904 3399 983 3451 tbinlrs
1003 3398 1121 3450 ‘eredere’
1138 3415 1217 3450 comes
1236 3402 1259 3449 in
1279 3417 1306 3450 so

7 3467 59 3528 25st
140 3480 162 3516 a.
181 3469 232 3518 l’er
253 3485 320 3531 qnos
342 3471 364 3518 si
394 3485 448 3518 non
473 3470 603 3526 stetisset.
624 3470 682 3517 ‘but
731 3469 847 3534 elegantly
866 3479 934 3516 asto
953 3483 1024 3529 prore
1044 3469 1144 3516 itsown
1162 3483 1220 3522 case.
1239 3466 1307 3515 sibile

17 3543 30 3580 ε
39 3531 59 3604 :J'
105 3535 143 3582 for
152 3532 231 3583 whose
243 3535 390 3596 oppositiou.²
731 3535 830 3583 Priscian
836 3534 894 3619 ⁸(15.
907 3547 931 3596 3,
944 3533 986 3598 13)
997 3541 1080 3595 quotes
1092 3532 1132 3610 the
1144 3547 1237 3596 passage
1248 3532 1306 3580 with

7 3611 61 3723 “ils
105 3600 683 3729 ...talsilttlihttttl‘hgith
731 3597 1308 3725 ittt‘5...ltllt.lttt.ttttltt‘.⁰it

15 3737 58 3792 „iri
106 3730 183 3778 would
194 3740 236 3778 not
247 3731 308 3778 have
319 3745 386 3779 come
396 3733 476 3780 before
491 3731 531 3778 the
548 3731 645 3794 offering
656 3732 685 3778 of
730 3731 962 3787 refomidantmnon
970 3738 1110 3792 putotamen
1118 3745 1156 3777 me
1164 3739 1305 3790 reperturum

7 3797 60 3861 qui-⁶
104 3799 202 3859 Antony
212 3804 238 3843 to
246 3793 433 3861 hiscolleagne3'
449 3798 593 3858 i.e.Antony
603 3797 681 3844 would
730 3797 769 3859 qui
786 3805 855 3862 neget
869 3795 927 3843 haec
940 3795 973 3843 sie
986 3795 1148 3849 cohaerere;“
1157 3795 1255 3842 Difficile
1270 3803 1306 3843 est

15 3871 60 3922 perf*
105 3863 166 3910 have
181 3861 299 3910 ucriliced
314 3862 350 3910 his
364 3863 446 3910 rietim
461 3863 520 3910 from
537 3877 624 3926 among
641 3863 681 3910 the
730 3871 811 3924 putare
829 3861 940 3924 (credere)
958 3861 1053 3923 eosqui
1069 3875 1108 3908 me
1121 3861 1271 3926 ...egerint.
1282 3895 1306 3908 ..

8 3927 62 3992 figit
104 3927 232 3975 morderem
248 3928 277 3974 of
289 3928 383 3985 Caesar,
400 3928 434 3990 by
446 3926 529 3992 killing
546 3929 576 3976 D.
589 3929 681 3984 Brutus,
731 3930 831 3977 tacturos
849 3926 933 3976 esse.'''
960 3925 1048 3990 (jabn's
1069 3926 1150 3986 jahrb.
1173 3927 1209 3974 fbr
1234 3922 1306 3988 1856.

7 3989 64 4058 ,gd
104 4009 130 4041 as
138 4007 196 4041 soon
208 4007 233 4041 as
244 3993 366 4042 Dolabellr
378 3994 503 4042 succeeded
514 3995 538 4041 in
549 3994 681 4058 murdering
730 4009 753 4057 p.
766 3993 830 4057 127.)

9 4058 64 4124 pn?
104 4057 246 4107 Trebonius.
766 4071 804 4108 ao.
823 4059 987 4121 Eademque.
1004 4058 1049 4108 &e
1082 4056 1307 4107 Asthisclauseob·

7 4117 67 4191 ,taff
138 4136 162 4186 5.
182 4124 349 4174 Consulares
375 4126 506 4189 quinque.
540 4124 582 4173 See
603 4133 681 4188 rap.
731 4125 821 4188 viously
837 4125 907 4173 refers
923 4133 950 4172 to
966 4124 1098 4187 something
1114 4123 1191 4171 which
1208 4123 1305 4183 Antony

108 4189 153 4246 183
169 4188 247 4238 where
258 4192 332 4238 Panse
344 4190 363 4238 is
375 4191 449 4238 added
460 4200 486 4239 to
502 4191 542 4238 the
555 4191 601 4238 five
612 4195 682 4239 ‘oon
731 4191 812 4240 should
824 4191 862 4247 do,
872 4191 918 4238 sud
929 4189 993 4238 there
1006 4191 1023 4238 is
1033 4189 1132 4254 nothing
1148 4198 1174 4237 to
1185 4186 1253 4234 mark
1264 4186 1305 4234 the

7 4257 64 4318 miti
106 4254 206 4304 salares!
230 4256 267 4302 lle
277 4256 296 4303 is
306 4257 421 4319 probably
429 4256 528 4305 omitted
537 4258 569 4320 by
578 4258 682 4319 Antony,
731 4257 820 4321 change
831 4257 861 4304 of
868 4257 963 4318 subject.
974 4255 1054 4312 Klotz.
1066 4254 1172 4302 followed
1184 4255 1216 4315 by
1226 4253 1306 4300 subse·

7 4317 70 4389 tibi?
107 4323 203 4370 beaute
214 4320 256 4369 tbe
266 4323 372 4384 ernbsssy
382 4337 430 4370 was
441 4323 497 4386 only
507 4322 548 4371 the
555 4323 682 4386 secondsry
730 4332 804 4385 quent
822 4323 914 4380 editors¹
931 4322 974 4370 has
990 4319 1086 4370 marked
1106 4320 1147 4370 the
1165 4333 1260 4384 passage
1279 4333 1305 4367 ss

15 4389 71 4456 §oties
107 4401 188 4437 resson
207 4386 244 4435 tor
263 4385 299 4436 his
318 4387 390 4453 going
406 4398 433 4438 to
453 4388 685 4448 trutinandus
732 4387 850 4440 deficient.
