2970 4700
137 270 166 328 tt
180 269 288 320 12-10.
440 257 609 320 ORATIO
637 259 912 322 PHILIPPICA
938 259 1042 322 XIII.
1261 273 1333 343 ⁴295

136 415 330 479 exercitum:
357 416 386 480 si
403 416 533 500 quidem
554 418 650 482 licere
669 419 703 482 id
723 418 872 503 dicimus,
886 419 970 503 quod
989 419 1122 504 legibus,
1142 416 1225 501 quod
1246 435 1334 480 more

135 517 293 582 maiorum
322 520 543 604 institutisque
569 521 764 586 conceditur.
820 523 937 606 Neque
967 523 1069 606 enim,
1093 521 1177 605 quod
1201 522 1334 604 quisque
1393 513 1396 520 ’

134 631 251 706 potest,
281 622 315 685 id
344 626 375 686 ei
406 623 494 710 licet,
520 645 592 709 nec,
618 626 646 689 si
673 645 740 690 non
765 627 920 710 obstetur,
946 635 1112 710 propterea
1137 624 1239 688 etiam
1264 643 1334 707 per-

134 725 288 789 mittitur.
343 727 422 790 Tibi
447 729 538 792 enim
568 731 755 814 exercitum,
782 729 914 813 Lepide,
940 739 1008 792 tam
1035 747 1132 812 quam
1158 728 1333 792 maioribus

134 829 200 892 tuis
226 830 330 914 patria
356 850 412 914 pro
434 851 468 894 se
490 831 589 896 dedit.
634 831 709 896 Hoc
734 842 770 896 tu
794 833 917 896 arcebis
939 832 1075 915 hostem,
1098 831 1177 894 fines
1204 830 1362 915 imperiis

135 933 339 1015 propagabis:
360 936 487 998 senatui
503 936 679 1019 populoque
694 935 846 1000 Romano
864 936 1001 1020 parebis,
1017 936 1045 997 si
1061 953 1156 1017 quarn
1175 933 1216 996 ad
1235 934 1334 997 aliam

98 1039 204 1108 'Item
218 1044 252 1099 te
271 1036 354 1100 forte
371 1037 554 1102 traduxerit.
599 1038 691 1103 Haec
708 1041 736 1103 si
756 1041 890 1124 cogitas,
905 1059 939 1102 es
954 1038 1004 1102 M.
1020 1038 1171 1124 Lepidus,
1189 1037 1334 1121 pontifex

85 1123 122 1172 ¹¹⁵
136 1140 304 1223 maximus,
319 1139 369 1203 M.
384 1140 511 1226 Lepidi,
531 1141 693 1226 pontificis
713 1144 859 1226 maximi,
879 1161 1055 1228 pronepos:
1077 1143 1130 1205 sin
1150 1140 1335 1204 hominibus

134 1251 263 1307 tantum
283 1243 379 1307 licere
401 1245 535 1330 iudicas,
549 1255 704 1329 quantum
724 1257 868 1331 possunt,
884 1245 959 1309 vide
980 1265 1021 1308 ne
1041 1246 1158 1308 alienis
1179 1243 1335 1328 exemplis

136 1345 240 1429 iisque
256 1348 435 1411 recentibus
450 1349 496 1412 uti
512 1368 608 1431 quarn
624 1359 657 1412 et
671 1350 813 1432 antiquis
828 1358 862 1413 et
877 1348 1063 1413 domesticis
1082 1347 1180 1412 malle
1195 1346 1333 1410 videare.
1349 1361 1381 1400 ιο

135 1449 231 1539 Qod
246 1451 275 1512 si
290 1452 514 1516 auctoritatem
530 1453 710 1537 interponis
724 1454 795 1516 sine
813 1455 922 1536 armis,
938 1453 1042 1536 magis
1061 1449 1210 1534 equidem
1228 1449 1334 1534 laudo,

135 1553 190 1617 sed
214 1553 289 1616 vide
316 1574 357 1617 ne
383 1556 442 1619 hoc
466 1557 570 1639 ipsum
595 1576 660 1619 non
686 1557 730 1621 sit
756 1575 897 1620 necesse.
941 1556 1145 1644 Qamquarn
1169 1553 1258 1616 enim
1285 1561 1334 1616 est

135 1665 227 1720 tanta
243 1657 278 1718 in
293 1665 327 1720 te
341 1661 526 1743 auctoritas,
542 1670 663 1742 quanta
676 1660 772 1724 debet
788 1661 822 1722 in
842 1661 973 1722 homine
994 1656 1208 1740 nobilissimo,
1223 1666 1334 1720 tamen

135 1769 265 1824 senatus
288 1779 323 1823 se
349 1762 418 1845 ipse
444 1782 510 1826 non
536 1766 728 1848 contemnit,
752 1783 812 1826 nec
832 1783 909 1826 vero
934 1762 996 1826 fuit
1021 1778 1170 1842 umquam
1196 1761 1334 1844 gravior,

135 1865 347 1948 constantior,
373 1865 494 1930 fortior.
550 1866 679 1931 Incensi
705 1887 820 1930 omnes
845 1867 985 1951 rapimur
1010 1863 1050 1927 ad
1077 1864 1259 1927 libertatern
1285 1879 1378 1932 re-1s

135 1967 367 2052 cuperandam:
404 1989 471 2034 non
501 1979 605 2053 potest
634 1971 729 2034 ullius
759 1971 949 2034 auctoritate
977 1976 1088 2031 tantus
1118 1978 1248 2030 senatus
1278 1985 1334 2050 po-

135 2069 262 2153 pulique
309 2069 452 2136 Romani
493 2074 584 2137 ardor
623 2075 807 2158 exstingui:
853 2071 990 2155 odimus,
1030 2072 1105 2134 irati
1146 2088 1335 2154 pugnamus,

134 2175 312 2256 extorqueri
351 2176 499 2239 manibus
533 2197 622 2241 arrna
655 2197 720 2241 non
758 2185 909 2261 possunt:
946 2175 1085 2257 receptui
1122 2175 1250 2256 signum
1280 2181 1335 2236 aut

136 2279 375 2342 revocationem
400 2299 420 2342 a
445 2279 530 2345 bello
554 2281 662 2344 audire
692 2300 759 2344 non
790 2297 974 2363 possumus:
1011 2295 1172 2361 speramus
1201 2277 1335 2361 optima,

87 2381 203 2464 lopati
232 2381 285 2444 vel
320 2382 511 2448 difficillima
541 2384 698 2448 malumus
731 2402 826 2466 quarn
861 2383 989 2446 servire.
1046 2380 1166 2445 Caesar
1195 2381 1335 2445 confecit
1348 2399 1381 2438 ao

172 2559 192 2594 1.
212 2547 317 2603 Licere,
335 2551 378 2596 &o
411 2549 469 2596 This
486 2551 504 2596 is
521 2550 561 2597 the
578 2550 639 2598 locus
655 2550 712 2598 elas·
762 2550 851 2597 tionem
864 2561 911 2596 non
928 2547 1065 2608 interpones,
1080 2561 1139 2609 quae
1159 2562 1232 2609 neque
1247 2547 1336 2596 senatui

135 2613 195 2661 siens
207 2611 243 2659 for
251 2612 291 2660 the
301 2615 411 2677 meaning
423 2617 452 2661 ol'
459 2614 499 2662 the
510 2617 581 2662 word.
761 2629 804 2662 nec
815 2615 921 2676 cuiquam
932 2614 995 2659 bono
1005 2610 1130 2672 probatur.⁸

169 2692 193 2739 4.
212 2677 281 2726 Tam
306 2695 394 2742 quarn.
417 2685 462 2727 ‘no
478 2680 521 2728 less
538 2680 594 2728 than
610 2690 635 2728 to
653 2696 712 2743 your
796 2689 835 2740 17.
848 2681 971 2732 Odimus,
991 2679 1054 2726 irati
1074 2693 1233 2742 pugnamus.
1265 2677 1336 2726 Halm

135 2741 267 2791 ancestors.'
312 2743 358 2790 For
380 2744 426 2792 this
448 2760 510 2792 rarer
531 2761 570 2793 use
592 2746 620 2792 of
646 2753 710 2794 ‘tam
761 2748 837 2808 points
865 2753 907 2794 out
934 2759 948 2790 a
976 2746 1090 2794 reference
1112 2753 1138 2790 to
1161 2758 1174 2789 a
1196 2757 1290 2807 passage
1312 2745 1336 2790 in

135 2807 221 2871 quam:
239 2809 262 2855 in
280 2821 293 2856 a
316 2809 395 2870 simple
414 2811 558 2871 comperiam
576 2813 605 2858 oi
621 2813 711 2876 degree,
762 2811 861 2859 Lucilius
872 2811 911 2874 (fr.
923 2823 947 2872 4
959 2811 995 2872 8),
1006 2809 1083 2858 which
1094 2809 1176 2857 cicero
1193 2807 1239 2856 had
1257 2809 1337 2857 before

136 2889 174 2934 cp.
187 2874 252 2920 Brut.
266 2885 303 2934 74,
318 2874 365 2935 258
377 2876 479 2924 ‘Aetatis
492 2876 602 2924 illiusista
611 2877 710 2925 fuitlaus
761 2879 817 2926 used
836 2887 862 2925 to
882 2877 992 2926 illustrate
1011 2891 1041 2924 an
1060 2882 1196 2938 argument:
1221 2873 1292 2924 Tusc.
1311 2887 1335 2939 4.

136 2948 185 2987 tarn
197 2953 267 3000 quarn
279 2937 424 2988 innocentiae
434 2941 465 2987 sic
479 2941 561 2990 Latine
574 2943 697 3003 loquendi!
763 2955 801 2998 ar,
813 2940 845 3004 48

175 3012 198 3066 7.
217 3003 250 3052 Ee
269 3003 309 3052 Μ.
328 3005 455 3067 Lepidus,
472 3013 534 3069 ‘you
553 3022 592 3056 are
611 3007 640 3054 all
658 3007 711 3056 that
795 3007 994 3056 ‘Odihominernz
1012 3007 1182 3068 iratuspngno3
1200 3003 1337 3070 ueclongin'

136 3067 178 3116 the
200 3083 266 3116 name
288 3071 317 3117 of
337 3071 372 3118 M.
395 3070 494 3132 Lepidus
516 3073 618 3134 implica!
667 3073 710 3134 Cp.
843 3072 966 3134 quidquam

137 3131 350 3200 Virg.Ae.6.883
656 3149 665 3162 ·
811 3138 894 3194 Nobis,
928 3152 997 3199 quarn
1028 3138 1122 3183 datrae
1150 3135 1253 3198 gladium
1280 3135 1336 3184 dnm

292 3199 345 3248 ‘'l’u
356 3201 478 3250 Marcellus
490 3201 533 3250 eris
543 3201 556 3259 ;'
844 3203 1004 3250 accommodet
1015 3201 1086 3250 alter!

137 3265 183 3312 and
202 3263 242 3312 Dr.
256 3264 353 3328 Henrp’e
372 3277 435 3315 note.
475 3268 527 3316 One
541 3269 591 3317 MS.
607 3267 711 3316 has¹M.
797 3265 836 3317 18.
855 3269 992 3317 Manibus.
1026 3265 1223 3314 SoalltheMSS.
1266 3267 1336 3315 Halm

138 3329 241 3390 Lepide:
252 3330 340 3396 ‘losing
351 3332 391 3380 the
402 3333 478 3380 whole
492 3334 558 3395 point
575 3335 619 3381 and
631 3335 713 3398 rigour
763 3333 828 3382 reads
851 3339 879 3380 ‘e
901 3333 1021 3389 manibus:
1043 3331 1115 3380 Orelli
1137 3331 1181 3378 ‘de
1203 3333 1308 3380 manibus
1318 3333 1336 3387 ς’

137 3395 167 3442 of
174 3394 215 3442 the
226 3395 309 3446 clause.
763 3400 804 3446 but
827 3414 852 3446 as
874 3398 1027 3459 ‘extorqueo'
1051 3399 1070 3444 is
1089 3397 1153 3443 often
1171 3399 1227 3444 used
1245 3397 1303 3446 with
1323 3411 1337 3444 a

171 3459 195 3509 8.
212 3461 363 3523 Pronepos.
380 3460 471 3526 Strictly
488 3463 543 3512 ‘the
553 3465 712 3528 great-grand·
762 3465 840 3512 dative
855 3465 884 3510 of
899 3463 940 3511 the
952 3479 1034 3524 person
1049 3463 1109 3509 from
1127 3461 1206 3509 whom
1223 3461 1337 3574 anythinq

138 3525 196 3580 ισοξ
207 3525 309 3574 whereas
326 3527 366 3575 the
386 3527 421 3576 M.
437 3529 536 3589 Lepidus
555 3531 577 3576 in
597 3531 710 3591 question.
763 3529 781 3577 is
792 3529 896 3585 merted.
908 3529 1003 3578 thereis
1020 3543 1050 3575 no
1061 3542 1142 3575 reason
1154 3527 1209 3590 why
1220 3529 1239 3576 it
1256 3527 1321 3576 sboul

137 3589 192 3638 who
214 3605 261 3638 was
283 3592 389 3653 pontifex
409 3593 531 3649 maximus,
557 3609 644 3650 cernor,
667 3595 712 3641 and
763 3604 805 3642 not
816 3595 908 3657 equal1y
918 3592 1105 3642 adrnitadative
1117 3593 1145 3639 of
1153 3592 1193 3639 the
1204 3602 1263 3653 part.
1292 3593 1337 3654 Cp.

138 3655 206 3704 twice
215 3657 712 3724 Consul,washisgreat-greatgrandiatber.
764 3660 830 3708 Lucr.
843 3656 866 3708 6.
881 3672 943 3720 1224

138 3719 192 3768 'ibe
214 3723 278 3768 word
301 3723 434 3784 'abnepos'
457 3724 572 3781 however.
595 3727 649 3773 does
671 3733 713 3772 not
807 3725 974 3786 ‘Extorquebit
995 3724 1057 3772 euim
1080 3722 1152 3770 vitam
1174 3723 1209 3770 vis
1231 3723 1336 3772 morbida

137 3801 200 3834 seem
211 3795 237 3835 to
248 3802 317 3835 occur
328 3789 407 3837 before
419 3789 459 3836 the
470 3789 527 3838 time
543 3790 571 3838 of
585 3790 712 3845 Suetonius,
858 3790 967 3838 membris
974 3791 988 3844 ς’

138 3852 183 3898 and
200 3851 240 3899 the
256 3863 323 3901 exact
341 3856 423 3919 degree
439 3855 468 3902 of
487 3857 578 3904 descmt
602 3857 620 3904 is
636 3857 712 3903 unim·
761 3855 808 3902 and
825 3855 875 3904 Cic.
887 3855 939 3903 Cat.
955 3866 975 3902 1.
987 3850 1010 3909 6.
1024 3851 1068 3902 16:
1090 3853 1166 3902 where
1176 3852 1241 3901 there
1256 3855 1338 3902 isoon·

137 3925 243 3978 portant.
762 3920 873 3968 siderable
901 3919 952 3968 MS.
973 3919 1090 3980 authority
1113 3920 1148 3966 ior
1176 3918 1216 3966 the
1243 3921 1337 3982 reading

170 3995 194 4045 9.
214 3984 326 4034 Alienis
362 3988 506 4048 exemplis,
534 3992 564 4034 ‘a
592 3985 712 4047 precedent
762 3985 892 4045 'Qotiens
913 3985 956 4032 tibi
978 3985 1024 4032 iam
1050 3993 1141 4032 extorta
1164 3993 1199 4032 est
1225 3985 1268 4034 ists
1290 3985 1337 4032 sies

136 4055 179 4094 out
195 4049 223 4095 of
234 4063 293 4110 your
311 4065 365 4096 own
380 4051 483 4114 farnilye'
499 4053 608 4116 referring
626 4060 652 4098 to
672 4051 712 4098 the
761 4049 898 4099 manibusi'

137 4113 410 4174 usurpationofCaesar.
797 4129 836 4164 ao.
856 4116 1063 4172 Confecit,⁸has
1079 4124 1123 4180 got
1138 4113 1261 4178 together!
1294 4113 1337 4175 Cp.

173 4189 210 4228 ta.
228 4179 308 4235 Vide,
330 4198 372 4237 ne,
387 4181 433 4229 &c
474 4181 517 4244 Cp.
535 4181 600 4229 Fam.
619 4193 656 4230 10.
673 4189 712 4244 η,
763 4179 1337 4242 delmp.Cn.Pomp.21‚61⁴Q1idtamnovum‚

139 4255 152 4291 a
172 4243 198 4306 (a
215 4245 283 4292 letter
301 4247 392 4295 written
410 4249 442 4309 by
462 4247 543 4296 Cicero
565 4255 590 4294 to
613 4245 712 4310 Lepidus
763 4261 833 4312 quam
855 4247 1050 4296 adolescentuhun
1073 4247 1188 4307 privatum
1211 4245 1336 4292 exercitum

136 4309 210 4357 about
237 4309 282 4359 this
316 4311 382 4376 time)
405 4313 558 4374 ‘sapientius
585 4327 638 4360 rnen
661 4312 712 4374 qui·
763 4312 849 4362 difficili
868 4313 899 4362 rei
910 4313 1015 4374 publicae
1026 4320 1131 4374 tempore
1139 4309 1337 4360 conficerelcon·

136 4373 190 4422 dem
201 4375 295 4432 indicio.
313 4378 390 4436 facies,
407 4378 425 4427 si
442 4387 464 4426 te
481 4378 505 4428 in
522 4377 589 4427 itum
606 4377 712 4440 pacifica-
762 4377 833 4428 fecit.'
