<?xml version="1.0" encoding="UTF-8"?>
<!DOCTYPE html PUBLIC "-//W3C//DTD XHTML 1.0 Transitional//EN"
    "http://www.w3.org/TR/xhtml1/DTD/xhtml1-transitional.dtd">
<html xmlns="http://www.w3.org/1999/xhtml" xml:lang="en" lang="en">
 <head>
  <title>
</title>
<meta http-equiv="Content-Type" content="text/html;charset=utf-8" />
  <meta name='ocr-system' content='tesseract 3.04.00' />
  <meta name='ocr-capabilities' content='ocr_page ocr_carea ocr_par ocr_line ocrx_word'/>
</head>
<body>
  <div class='ocr_page' id='page_1' title='image "./philippicoratio02cicegoog_0275.png"; bbox 0 0 2998 4706; ppageno 0'>
   <div class='ocr_carea' id='block_1_1' title="bbox 165 198 1478 344">
    <p class='ocr_par' dir='ltr' id='par_1_1' title="bbox 165 198 1478 354">
     <span class='ocr_line' id='line_1_1' title="bbox 165 198 1478 344; baseline -0.009 -1"><span class='ocrx_word' id='word_1_1' title='bbox 165 281 228 344; x_wconf 79' lang='lat'>260</span> <span class='ocrx_word' id='word_1_2' title='bbox 510 281 559 341; x_wconf 90' lang='lat' dir='ltr'>M.</span> <span class='ocrx_word' id='word_1_3' title='bbox 590 278 746 340; x_wconf 84' lang='lat' dir='ltr'><em>TULLII</em></span> <span class='ocrx_word' id='word_1_4' title='bbox 777 273 1027 338; x_wconf 82' lang='lat' dir='ltr'><em>CICERONIS</em></span> <span class='ocrx_word' id='word_1_5' title='bbox 1203 287 1383 342; x_wconf 61' lang='lat' dir='ltr'>aem-12.</span> <span class='ocrx_word' id='word_1_6' title='bbox 1466 198 1478 344; x_wconf 51' lang='lat' dir='ltr'>i</span> 
     </span>
    </p>
   </div>
   <div class='ocr_carea' id='block_1_2' title="bbox 130 361 1478 2483">
    <p class='ocr_par' dir='ltr' id='par_1_2' title="bbox 163 361 1478 833">
     <span class='ocr_line' id='line_1_2' title="bbox 163 361 1478 620; baseline -0.007 -117"><span class='ocrx_word' id='word_1_7' title='bbox 163 441 190 503; x_wconf 91' lang='lat' dir='ltr'>si</span> <span class='ocrx_word' id='word_1_8' title='bbox 219 438 333 504; x_wconf 81' lang='lat' dir='ltr'>brutus</span> <span class='ocrx_word' id='word_1_9' title='bbox 358 439 421 502; x_wconf 91' lang='lat' dir='ltr'>erit</span> <span class='ocrx_word' id='word_1_10' title='bbox 443 439 606 503; x_wconf 84' lang='lat' dir='ltr'>traductus</span> <span class='ocrx_word' id='word_1_11' title='bbox 632 438 672 501; x_wconf 87' lang='lat' dir='ltr'>ad</span> <span class='ocrx_word' id='word_1_12' title='bbox 701 436 788 502; x_wconf 86' lang='lat' dir='ltr'>aliud</span> <span class='ocrx_word' id='word_1_13' title='bbox 814 435 947 519; x_wconf 89' lang='lat' dir='ltr'>bellum,</span> <span class='ocrx_word' id='word_1_14' title='bbox 972 433 1148 498; x_wconf 86' lang='lat' dir='ltr'>Graeciam</span> <span class='ocrx_word' id='word_1_15' title='bbox 1174 442 1267 496; x_wconf 91' lang='lat' dir='ltr'>certe</span> <span class='ocrx_word' id='word_1_16' title='bbox 1296 435 1382 495; x_wconf 87' lang='lat' dir='ltr'>ami-</span> <span class='ocrx_word' id='word_1_17' title='bbox 1474 361 1478 620; x_wconf 72' lang='grc'>1</span> 
     </span>
     <span class='ocr_line' id='line_1_3' title="bbox 165 535 1380 621; baseline -0.007 -15"><span class='ocrx_word' id='word_1_18' title='bbox 165 543 310 607; x_wconf 87' lang='lat' dir='ltr'>serimus.</span> <span class='ocrx_word' id='word_1_19' title='bbox 356 541 414 606; x_wconf 88' lang='lat' dir='ltr'>Est</span> <span class='ocrx_word' id='word_1_20' title='bbox 440 552 549 606; x_wconf 90' lang='lat' dir='ltr'>autem</span> <span class='ocrx_word' id='word_1_21' title='bbox 575 543 677 606; x_wconf 89' lang='lat' dir='ltr'>etiam</span> <span class='ocrx_word' id='word_1_22' title='bbox 702 541 742 604; x_wconf 92' lang='lat' dir='ltr'>de</span> <span class='ocrx_word' id='word_1_23' title='bbox 769 538 940 604; x_wconf 86' lang='lat' dir='ltr'>Brundisio</span> <span class='ocrx_word' id='word_1_24' title='bbox 969 545 1064 621; x_wconf 89' lang='lat' dir='ltr'>atque</span> <span class='ocrx_word' id='word_1_25' title='bbox 1092 537 1149 600; x_wconf 88' lang='lat' dir='ltr'>illa</span> <span class='ocrx_word' id='word_1_26' title='bbox 1173 555 1231 599; x_wconf 88' lang='lat' dir='ltr'>ora</span> <span class='ocrx_word' id='word_1_27' title='bbox 1259 535 1380 599; x_wconf 85' lang='lat' dir='ltr'>Italiae</span> 
     </span>
     <span class='ocr_line' id='line_1_4' title="bbox 167 641 1378 732; baseline -0.006 -24"><span class='ocrx_word' id='word_1_28' title='bbox 167 646 408 732; x_wconf 86' lang='lat' dir='ltr'>providendum.</span> <span class='ocrx_word' id='word_1_29' title='bbox 466 646 671 730; x_wconf 85' lang='lat' dir='ltr'><strong>Quamquam</strong></span> <span class='ocrx_word' id='word_1_30' title='bbox 702 645 800 706; x_wconf 93' lang='lat' dir='ltr'>miror</span> <span class='ocrx_word' id='word_1_31' title='bbox 830 653 899 707; x_wconf 87' lang='lat' dir='ltr'>tam</span> <span class='ocrx_word' id='word_1_32' title='bbox 929 641 985 705; x_wconf 91' lang='lat' dir='ltr'>diu</span> <span class='ocrx_word' id='word_1_33' title='bbox 1015 641 1132 704; x_wconf 88' lang='lat' dir='ltr'>morari</span> <span class='ocrx_word' id='word_1_34' title='bbox 1164 641 1378 720; x_wconf 80' lang='lat' dir='ltr'>Antonium3</span> 
     </span>
     <span class='ocr_line' id='line_1_5' title="bbox 167 743 1380 833; baseline -0.006 -20"><span class='ocrx_word' id='word_1_35' title='bbox 167 748 250 814; x_wconf 89' lang='lat' dir='ltr'>solet</span> <span class='ocrx_word' id='word_1_36' title='bbox 273 751 363 812; x_wconf 90' lang='lat' dir='ltr'>enim</span> <span class='ocrx_word' id='word_1_37' title='bbox 387 751 456 833; x_wconf 89' lang='lat' dir='ltr'>ipse</span> <span class='ocrx_word' id='word_1_38' title='bbox 480 751 625 833; x_wconf 88' lang='lat' dir='ltr'>accipere</span> <span class='ocrx_word' id='word_1_39' title='bbox 647 749 791 811; x_wconf 89' lang='lat' dir='ltr'>manicas</span> <span class='ocrx_word' id='word_1_40' title='bbox 815 765 875 810; x_wconf 89' lang='lat' dir='ltr'>nec</span> <span class='ocrx_word' id='word_1_41' title='bbox 899 745 1020 808; x_wconf 89' lang='lat' dir='ltr'>diutius</span> <span class='ocrx_word' id='word_1_42' title='bbox 1044 743 1225 808; x_wconf 89' lang='lat' dir='ltr'>obsidionis</span> <span class='ocrx_word' id='word_1_43' title='bbox 1250 753 1380 806; x_wconf 88' lang='lat' dir='ltr'>metum</span> 
     </span>
    </p>

    <p class='ocr_par' dir='ltr' id='par_1_3' title="bbox 140 846 1478 1344">
     <span class='ocr_line' id='line_1_6' title="bbox 140 846 1380 940; baseline -0.008 -24"><span class='ocrx_word' id='word_1_44' title='bbox 140 855 336 918; x_wconf 84' lang='lat' dir='ltr'>ssustinere.</span> <span class='ocrx_word' id='word_1_45' title='bbox 380 851 475 940; x_wconf 81' lang='lat' dir='ltr'>Qod</span> <span class='ocrx_word' id='word_1_46' title='bbox 500 853 528 916; x_wconf 91' lang='lat' dir='ltr'>si</span> <span class='ocrx_word' id='word_1_47' title='bbox 553 851 731 915; x_wconf 91' lang='lat' dir='ltr'>confecerit</span> <span class='ocrx_word' id='word_1_48' title='bbox 754 849 868 914; x_wconf 87' lang='lat' dir='ltr'>Brutus</span> <span class='ocrx_word' id='word_1_49' title='bbox 890 857 926 912; x_wconf 91' lang='lat' dir='ltr'>et</span> <span class='ocrx_word' id='word_1_50' title='bbox 952 847 1149 912; x_wconf 84' lang='lat' dir='ltr'>intellexerit</span> <span class='ocrx_word' id='word_1_51' title='bbox 1173 846 1244 931; x_wconf 92' lang='lat' dir='ltr'>plus</span> <span class='ocrx_word' id='word_1_52' title='bbox 1269 867 1307 910; x_wconf 90' lang='lat' dir='ltr'>se</span> <span class='ocrx_word' id='word_1_53' title='bbox 1333 849 1380 907; x_wconf 90' lang='lat' dir='ltr'>rei</span> 
     </span>
     <span class='ocr_line' id='line_1_7' title="bbox 169 951 1478 1042; baseline -0.006 -24"><span class='ocrx_word' id='word_1_54' title='bbox 169 956 317 1040; x_wconf 88' lang='lat' dir='ltr'>publicae</span> <span class='ocrx_word' id='word_1_55' title='bbox 354 953 563 1039; x_wconf 89' lang='lat' dir='ltr'>profuturum,</span> <span class='ocrx_word' id='word_1_56' title='bbox 597 957 626 1018; x_wconf 92' lang='lat' dir='ltr'>si</span> <span class='ocrx_word' id='word_1_57' title='bbox 660 953 867 1018; x_wconf 88' lang='lat' dir='ltr'>Dolabellam</span> <span class='ocrx_word' id='word_1_58' title='bbox 904 961 1120 1036; x_wconf 86' lang='lat' dir='ltr'>persequatur,</span> <span class='ocrx_word' id='word_1_59' title='bbox 1152 970 1248 1034; x_wconf 93' lang='lat' dir='ltr'>quam</span> <span class='ocrx_word' id='word_1_60' title='bbox 1281 952 1311 1013; x_wconf 87' lang='lat' dir='ltr'>si</span> <span class='ocrx_word' id='word_1_61' title='bbox 1345 951 1381 1011; x_wconf 90' lang='lat' dir='ltr'>in</span> <span class='ocrx_word' id='word_1_62' title='bbox 1477 1021 1478 1042; x_wconf 13' lang='grc' dir='ltr'>χ</span> 
     </span>
     <span class='ocr_line' id='line_1_8' title="bbox 169 1053 1478 1142; baseline -0.007 -20"><span class='ocrx_word' id='word_1_63' title='bbox 169 1057 309 1122; x_wconf 88' lang='lat' dir='ltr'>Graecia</span> <span class='ocrx_word' id='word_1_64' title='bbox 332 1067 474 1142; x_wconf 90' lang='lat' dir='ltr'>maneat,</span> <span class='ocrx_word' id='word_1_65' title='bbox 493 1067 567 1142; x_wconf 85' lang='lat' dir='ltr'>aget</span> <span class='ocrx_word' id='word_1_66' title='bbox 582 1059 650 1142; x_wconf 86' lang='lat' dir='ltr'>ipse</span> <span class='ocrx_word' id='word_1_67' title='bbox 670 1077 725 1141; x_wconf 91' lang='lat' dir='ltr'>per</span> <span class='ocrx_word' id='word_1_68' title='bbox 743 1076 826 1141; x_wconf 87' lang='lat' dir='ltr'>sese,</span> <span class='ocrx_word' id='word_1_69' title='bbox 841 1064 877 1119; x_wconf 91' lang='lat' dir='ltr'>ut</span> <span class='ocrx_word' id='word_1_70' title='bbox 897 1055 998 1118; x_wconf 89' lang='lat' dir='ltr'>adhuc</span> <span class='ocrx_word' id='word_1_71' title='bbox 1018 1073 1141 1139; x_wconf 91' lang='lat' dir='ltr'>quoque</span> <span class='ocrx_word' id='word_1_72' title='bbox 1161 1053 1252 1138; x_wconf 83' lang='lat' dir='ltr'>fecit,</span> <span class='ocrx_word' id='word_1_73' title='bbox 1274 1073 1383 1136; x_wconf 89' lang='lat' dir='ltr'>neque</span> <span class='ocrx_word' id='word_1_74' title='bbox 1477 1065 1478 1112; x_wconf 78' lang='lat'>3</span> 
     </span>
     <span class='ocr_line' id='line_1_9' title="bbox 172 1157 1478 1244; baseline -0.005 -20"><span class='ocrx_word' id='word_1_75' title='bbox 172 1163 207 1224; x_wconf 93' lang='lat' dir='ltr'>in</span> <span class='ocrx_word' id='word_1_76' title='bbox 228 1169 277 1224; x_wconf 92' lang='lat' dir='ltr'>tot</span> <span class='ocrx_word' id='word_1_77' title='bbox 300 1159 473 1244; x_wconf 87' lang='lat' dir='ltr'>incendiis,</span> <span class='ocrx_word' id='word_1_78' title='bbox 492 1160 607 1244; x_wconf 91' lang='lat' dir='ltr'>quibus</span> <span class='ocrx_word' id='word_1_79' title='bbox 629 1161 802 1224; x_wconf 87' lang='lat' dir='ltr'>confestim</span> <span class='ocrx_word' id='word_1_80' title='bbox 824 1158 1070 1223; x_wconf 89' lang='lat' dir='ltr'>succurrendum</span> <span class='ocrx_word' id='word_1_81' title='bbox 1091 1167 1153 1240; x_wconf 90' lang='lat' dir='ltr'>est,</span> <span class='ocrx_word' id='word_1_82' title='bbox 1177 1159 1384 1241; x_wconf 82' lang='lat' dir='ltr'>exspectabit</span> <span class='ocrx_word' id='word_1_83' title='bbox 1477 1157 1478 1208; x_wconf 87' lang='lat' dir='ltr'>l</span> 
     </span>
     <span class='ocr_line' id='line_1_10' title="bbox 172 1247 1478 1344; baseline -0.005 -16"><span class='ocrx_word' id='word_1_84' title='bbox 172 1274 329 1329; x_wconf 91' lang='lat' dir='ltr'>senatum.</span> <span class='ocrx_word' id='word_1_85' title='bbox 374 1262 466 1327; x_wconf 86' lang='lat' dir='ltr'>Nam</span> <span class='ocrx_word' id='word_1_86' title='bbox 490 1271 523 1326; x_wconf 92' lang='lat' dir='ltr'>et</span> <span class='ocrx_word' id='word_1_87' title='bbox 546 1263 659 1328; x_wconf 88' lang='lat' dir='ltr'>Brutus</span> <span class='ocrx_word' id='word_1_88' title='bbox 684 1271 718 1326; x_wconf 92' lang='lat' dir='ltr'>et</span> <span class='ocrx_word' id='word_1_89' title='bbox 741 1261 876 1326; x_wconf 88' lang='lat' dir='ltr'>Cassius</span> <span class='ocrx_word' id='word_1_90' title='bbox 903 1261 1015 1325; x_wconf 90' lang='lat' dir='ltr'>multis</span> <span class='ocrx_word' id='word_1_91' title='bbox 1040 1263 1106 1324; x_wconf 90' lang='lat' dir='ltr'>iam</span> <span class='ocrx_word' id='word_1_92' title='bbox 1131 1263 1167 1324; x_wconf 93' lang='lat' dir='ltr'>in</span> <span class='ocrx_word' id='word_1_93' title='bbox 1191 1262 1288 1324; x_wconf 88' lang='lat' dir='ltr'>rebus</span> <span class='ocrx_word' id='word_1_94' title='bbox 1312 1263 1427 1344; x_wconf 79' lang='lat' dir='ltr'>ipse²⁷</span> <span class='ocrx_word' id='word_1_95' title='bbox 1477 1247 1478 1252; x_wconf 30' lang='lat'>¹</span> 
     </span>
    </p>

    <p class='ocr_par' dir='ltr' id='par_1_4' title="bbox 130 1365 1384 1868">
     <span class='ocr_line' id='line_1_11' title="bbox 130 1365 1384 1432; baseline -0.004 -1"><span class='ocrx_word' id='word_1_96' title='bbox 130 1387 162 1426; x_wconf 83' lang='grc' dir='ltr'>ιο</span> <span class='ocrx_word' id='word_1_97' title='bbox 173 1369 236 1432; x_wconf 91' lang='lat' dir='ltr'>sibi</span> <span class='ocrx_word' id='word_1_98' title='bbox 266 1377 395 1431; x_wconf 87' lang='lat' dir='ltr'>senatus</span> <span class='ocrx_word' id='word_1_99' title='bbox 424 1366 496 1430; x_wconf 89' lang='lat' dir='ltr'>fuit.</span> <span class='ocrx_word' id='word_1_100' title='bbox 551 1365 697 1429; x_wconf 88' lang='lat' dir='ltr'>Necesse</span> <span class='ocrx_word' id='word_1_101' title='bbox 727 1374 777 1430; x_wconf 90' lang='lat' dir='ltr'>est</span> <span class='ocrx_word' id='word_1_102' title='bbox 806 1368 896 1428; x_wconf 92' lang='lat' dir='ltr'>enim</span> <span class='ocrx_word' id='word_1_103' title='bbox 928 1367 963 1428; x_wconf 93' lang='lat' dir='ltr'>in</span> <span class='ocrx_word' id='word_1_104' title='bbox 986 1375 1079 1428; x_wconf 89' lang='lat' dir='ltr'>tanta</span> <span class='ocrx_word' id='word_1_105' title='bbox 1104 1365 1320 1428; x_wconf 89' lang='lat' dir='ltr'>conversione</span> <span class='ocrx_word' id='word_1_106' title='bbox 1350 1375 1384 1426; x_wconf 90' lang='lat' dir='ltr'>et</span> 
     </span>
     <span class='ocr_line' id='line_1_12' title="bbox 174 1470 1383 1556; baseline -0.005 -20"><span class='ocrx_word' id='word_1_107' title='bbox 174 1473 415 1556; x_wconf 88' lang='lat' dir='ltr'>perturbatione</span> <span class='ocrx_word' id='word_1_108' title='bbox 449 1470 598 1533; x_wconf 91' lang='lat' dir='ltr'>omnium</span> <span class='ocrx_word' id='word_1_109' title='bbox 627 1489 732 1532; x_wconf 88' lang='lat' dir='ltr'>rerum</span> <span class='ocrx_word' id='word_1_110' title='bbox 769 1470 966 1552; x_wconf 88' lang='lat' dir='ltr'>temporibus</span> <span class='ocrx_word' id='word_1_111' title='bbox 996 1471 1102 1552; x_wconf 90' lang='lat' dir='ltr'>potius</span> <span class='ocrx_word' id='word_1_112' title='bbox 1139 1487 1248 1552; x_wconf 87' lang='lat' dir='ltr'>parere</span> <span class='ocrx_word' id='word_1_113' title='bbox 1282 1487 1383 1551; x_wconf 90' lang='lat' dir='ltr'>quam</span> 
     </span>
     <span class='ocr_line' id='line_1_13' title="bbox 175 1570 1383 1657; baseline -0.005 -18"><span class='ocrx_word' id='word_1_114' title='bbox 175 1576 324 1639; x_wconf 89' lang='lat' dir='ltr'>moribus.</span> <span class='ocrx_word' id='word_1_115' title='bbox 370 1573 445 1637; x_wconf 90' lang='lat' dir='ltr'>Nec</span> <span class='ocrx_word' id='word_1_116' title='bbox 460 1575 549 1636; x_wconf 92' lang='lat' dir='ltr'>enim</span> <span class='ocrx_word' id='word_1_117' title='bbox 566 1591 651 1636; x_wconf 90' lang='lat' dir='ltr'>nunc</span> <span class='ocrx_word' id='word_1_118' title='bbox 666 1575 807 1657; x_wconf 90' lang='lat' dir='ltr'>primum</span> <span class='ocrx_word' id='word_1_119' title='bbox 824 1581 880 1636; x_wconf 90' lang='lat' dir='ltr'>aut</span> <span class='ocrx_word' id='word_1_120' title='bbox 896 1570 1009 1635; x_wconf 88' lang='lat' dir='ltr'>Brutus</span> <span class='ocrx_word' id='word_1_121' title='bbox 1023 1582 1080 1636; x_wconf 92' lang='lat' dir='ltr'>aut</span> <span class='ocrx_word' id='word_1_122' title='bbox 1093 1571 1225 1638; x_wconf 82' lang='lat' dir='ltr'>Cassius</span> <span class='ocrx_word' id='word_1_123' title='bbox 1239 1572 1383 1634; x_wconf 89' lang='lat' dir='ltr'>salutem</span> 
     </span>
     <span class='ocr_line' id='line_1_14' title="bbox 174 1676 1383 1760; baseline -0.003 -19"><span class='ocrx_word' id='word_1_124' title='bbox 174 1679 417 1760; x_wconf 84' lang='lat' dir='ltr'>libertatemque</span> <span class='ocrx_word' id='word_1_125' title='bbox 447 1677 570 1760; x_wconf 88' lang='lat' dir='ltr'>patriae</span> <span class='ocrx_word' id='word_1_126' title='bbox 600 1676 703 1758; x_wconf 87' lang='lat' dir='ltr'>legem</span> <span class='ocrx_word' id='word_1_127' title='bbox 732 1677 971 1739; x_wconf 87' lang='lat' dir='ltr'>sanctissimam</span> <span class='ocrx_word' id='word_1_128' title='bbox 1000 1685 1034 1738; x_wconf 87' lang='lat' dir='ltr'>et</span> <span class='ocrx_word' id='word_1_129' title='bbox 1062 1694 1184 1738; x_wconf 89' lang='lat' dir='ltr'>morem</span> <span class='ocrx_word' id='word_1_130' title='bbox 1217 1677 1383 1759; x_wconf 89' lang='lat' dir='ltr'>optimum</span> 
     </span>
     <span class='ocr_line' id='line_1_15' title="bbox 176 1777 1383 1868; baseline -0.002 -24"><span class='ocrx_word' id='word_1_131' title='bbox 176 1780 341 1844; x_wconf 90' lang='lat' dir='ltr'>iudicavit.</span> <span class='ocrx_word' id='word_1_132' title='bbox 396 1777 507 1863; x_wconf 87' lang='lat' dir='ltr'>ltaque</span> <span class='ocrx_word' id='word_1_133' title='bbox 534 1780 561 1843; x_wconf 93' lang='lat' dir='ltr'>si</span> <span class='ocrx_word' id='word_1_134' title='bbox 588 1777 628 1842; x_wconf 84' lang='lat' dir='ltr'>ad</span> <span class='ocrx_word' id='word_1_135' title='bbox 660 1797 719 1868; x_wconf 88' lang='lat' dir='ltr'>nos</span> <span class='ocrx_word' id='word_1_136' title='bbox 744 1779 827 1841; x_wconf 88' lang='lat' dir='ltr'>nihil</span> <span class='ocrx_word' id='word_1_137' title='bbox 853 1778 1022 1842; x_wconf 88' lang='lat' dir='ltr'>referretur</span> <span class='ocrx_word' id='word_1_138' title='bbox 1047 1777 1087 1840; x_wconf 92' lang='lat' dir='ltr'>de</span> <span class='ocrx_word' id='word_1_139' title='bbox 1112 1778 1286 1842; x_wconf 89' lang='lat' dir='ltr'>Dolabella</span> <span class='ocrx_word' id='word_1_140' title='bbox 1310 1799 1383 1862; x_wconf 89' lang='lat' dir='ltr'>per-</span> 
     </span>
    </p>

    <p class='ocr_par' dir='ltr' id='par_1_5' title="bbox 134 1867 1435 2382">
     <span class='ocr_line' id='line_1_16' title="bbox 134 1867 1384 1966; baseline -0.002 -18"><span class='ocrx_word' id='word_1_141' title='bbox 134 1897 162 1948; x_wconf 74' lang='lat'>¹⁵</span> <span class='ocrx_word' id='word_1_142' title='bbox 176 1867 347 1965; x_wconf 58' lang='lat' dir='ltr'>seduendm</span> <span class='ocrx_word' id='word_1_143' title='bbox 377 1890 488 1944; x_wconf 88' lang='lat' dir='ltr'>tamen</span> <span class='ocrx_word' id='word_1_144' title='bbox 518 1901 577 1966; x_wconf 84' lang='lat' dir='ltr'>ego</span> <span class='ocrx_word' id='word_1_145' title='bbox 612 1900 669 1966; x_wconf 91' lang='lat' dir='ltr'>pro</span> <span class='ocrx_word' id='word_1_146' title='bbox 698 1881 827 1945; x_wconf 87' lang='lat' dir='ltr'>decreto</span> <span class='ocrx_word' id='word_1_147' title='bbox 861 1891 1019 1966; x_wconf 86' lang='lat' dir='ltr'>putarem,</span> <span class='ocrx_word' id='word_1_148' title='bbox 1047 1901 1121 1944; x_wconf 93' lang='lat' dir='ltr'>cum</span> <span class='ocrx_word' id='word_1_149' title='bbox 1155 1891 1263 1945; x_wconf 88' lang='lat' dir='ltr'>essent</span> <span class='ocrx_word' id='word_1_150' title='bbox 1298 1883 1384 1946; x_wconf 85' lang='lat' dir='ltr'>tales</span> 
     </span>
     <span class='ocr_line' id='line_1_17' title="bbox 176 1985 1384 2069; baseline 0 -20"><span class='ocrx_word' id='word_1_151' title='bbox 176 1989 307 2068; x_wconf 86' lang='lat' dir='ltr'>virtute,</span> <span class='ocrx_word' id='word_1_152' title='bbox 322 1985 527 2068; x_wconf 88' lang='lat' dir='ltr'>auctoritate,</span> <span class='ocrx_word' id='word_1_153' title='bbox 549 1985 720 2048; x_wconf 91' lang='lat' dir='ltr'>nobilitate</span> <span class='ocrx_word' id='word_1_154' title='bbox 737 1986 890 2061; x_wconf 90' lang='lat' dir='ltr'>†summi</span> <span class='ocrx_word' id='word_1_155' title='bbox 912 1986 987 2069; x_wconf 87' lang='lat' dir='ltr'>viri,</span> <span class='ocrx_word' id='word_1_156' title='bbox 1006 2004 1139 2067; x_wconf 90' lang='lat' dir='ltr'>quorum</span> <span class='ocrx_word' id='word_1_157' title='bbox 1159 1985 1293 2049; x_wconf 88' lang='lat' dir='ltr'>alterius</span> <span class='ocrx_word' id='word_1_158' title='bbox 1313 1988 1384 2049; x_wconf 90' lang='lat' dir='ltr'>iam</span> 
     </span>
     <span class='ocr_line' id='line_1_18' title="bbox 177 2087 1435 2171; baseline 0.001 -18"><span class='ocrx_word' id='word_1_159' title='bbox 177 2088 271 2154; x_wconf 94' lang='lat' dir='ltr'>nobis</span> <span class='ocrx_word' id='word_1_160' title='bbox 293 2097 386 2151; x_wconf 90' lang='lat' dir='ltr'>notus</span> <span class='ocrx_word' id='word_1_161' title='bbox 404 2096 489 2150; x_wconf 89' lang='lat' dir='ltr'>esset</span> <span class='ocrx_word' id='word_1_162' title='bbox 510 2089 680 2170; x_wconf 88' lang='lat' dir='ltr'>exercitus,</span> <span class='ocrx_word' id='word_1_163' title='bbox 701 2087 833 2151; x_wconf 89' lang='lat' dir='ltr'>alterius</span> <span class='ocrx_word' id='word_1_164' title='bbox 854 2087 991 2151; x_wconf 87' lang='lat' dir='ltr'>auditus.</span> <span class='ocrx_word' id='word_1_165' title='bbox 1037 2087 1129 2151; x_wconf 91' lang='lat' dir='ltr'>Num</span> <span class='ocrx_word' id='word_1_166' title='bbox 1150 2090 1247 2171; x_wconf 82' lang='lat' dir='ltr'>igitur</span> <span class='ocrx_word' id='word_1_167' title='bbox 1263 2087 1435 2154; x_wconf 77' lang='lat' dir='ltr'>Bruhrs12</span> 
     </span>
     <span class='ocr_line' id='line_1_19' title="bbox 178 2190 1385 2277; baseline 0.001 -21"><span class='ocrx_word' id='word_1_168' title='bbox 178 2193 377 2277; x_wconf 81' lang='lat' dir='ltr'>exspectavit</span> <span class='ocrx_word' id='word_1_169' title='bbox 391 2190 519 2254; x_wconf 88' lang='lat' dir='ltr'>decreta</span> <span class='ocrx_word' id='word_1_170' title='bbox 532 2200 652 2275; x_wconf 88' lang='lat' dir='ltr'>nostra,</span> <span class='ocrx_word' id='word_1_171' title='bbox 667 2211 741 2254; x_wconf 90' lang='lat' dir='ltr'>cum</span> <span class='ocrx_word' id='word_1_172' title='bbox 758 2191 864 2254; x_wconf 90' lang='lat' dir='ltr'>studia</span> <span class='ocrx_word' id='word_1_173' title='bbox 879 2193 1013 2256; x_wconf 82' lang='lat' dir='ltr'>nosset?</span> <span class='ocrx_word' id='word_1_174' title='bbox 1050 2191 1168 2274; x_wconf 87' lang='lat' dir='ltr'>Neque</span> <span class='ocrx_word' id='word_1_175' title='bbox 1182 2193 1272 2256; x_wconf 90' lang='lat' dir='ltr'>enim</span> <span class='ocrx_word' id='word_1_176' title='bbox 1283 2196 1385 2257; x_wconf 85' lang='lat' dir='ltr'>estin</span> 
     </span>
     <span class='ocr_line' id='line_1_20' title="bbox 178 2289 1386 2382; baseline 0.001 -23"><span class='ocrx_word' id='word_1_177' title='bbox 178 2289 376 2382; x_wconf 89' lang='lat' dir='ltr'>provinciam</span> <span class='ocrx_word' id='word_1_178' title='bbox 391 2312 482 2358; x_wconf 92' lang='lat' dir='ltr'>suam</span> <span class='ocrx_word' id='word_1_179' title='bbox 491 2293 625 2359; x_wconf 82' lang='lat' dir='ltr'>Cretam</span> <span class='ocrx_word' id='word_1_180' title='bbox 636 2295 814 2377; x_wconf 87' lang='lat' dir='ltr'>profectus:</span> <span class='ocrx_word' id='word_1_181' title='bbox 836 2297 872 2357; x_wconf 90' lang='lat' dir='ltr'>in</span> <span class='ocrx_word' id='word_1_182' title='bbox 884 2293 1114 2359; x_wconf 88' lang='lat' dir='ltr'>Macedoniam</span> <span class='ocrx_word' id='word_1_183' title='bbox 1129 2295 1270 2359; x_wconf 86' lang='lat' dir='ltr'>alienam</span> <span class='ocrx_word' id='word_1_184' title='bbox 1282 2297 1386 2360; x_wconf 85' lang='lat' dir='ltr'>advo-</span> 
     </span>
    </p>

    <p class='ocr_par' dir='ltr' id='par_1_6' title="bbox 133 2399 1386 2483">
     <span class='ocr_line' id='line_1_21' title="bbox 133 2399 1386 2483; baseline -0.001 -18"><span class='ocrx_word' id='word_1_185' title='bbox 133 2419 167 2458; x_wconf 75' lang='grc' dir='ltr'>ιο</span> <span class='ocrx_word' id='word_1_186' title='bbox 180 2402 281 2481; x_wconf 82' lang='lat' dir='ltr'>lavit3</span> <span class='ocrx_word' id='word_1_187' title='bbox 303 2399 415 2462; x_wconf 90' lang='lat' dir='ltr'>omnia</span> <span class='ocrx_word' id='word_1_188' title='bbox 436 2417 494 2460; x_wconf 90' lang='lat' dir='ltr'>sua</span> <span class='ocrx_word' id='word_1_189' title='bbox 516 2399 655 2482; x_wconf 82' lang='lat' dir='ltr'>putavit,</span> <span class='ocrx_word' id='word_1_190' title='bbox 677 2416 758 2480; x_wconf 88' lang='lat' dir='ltr'>quae</span> <span class='ocrx_word' id='word_1_191' title='bbox 781 2417 838 2460; x_wconf 88' lang='lat' dir='ltr'>vos</span> <span class='ocrx_word' id='word_1_192' title='bbox 860 2407 967 2461; x_wconf 83' lang='lat' dir='ltr'>vestra</span> <span class='ocrx_word' id='word_1_193' title='bbox 989 2417 1058 2461; x_wconf 88' lang='lat' dir='ltr'>esse</span> <span class='ocrx_word' id='word_1_194' title='bbox 1081 2399 1210 2483; x_wconf 83' lang='lat' dir='ltr'>velitis3</span> <span class='ocrx_word' id='word_1_195' title='bbox 1236 2400 1386 2483; x_wconf 85' lang='lat' dir='ltr'>legiones</span> 
     </span>
    </p>
   </div>
   <div class='ocr_carea' id='block_1_3' title="bbox 102 2677 1478 4307">
    <p class='ocr_par' dir='ltr' id='par_1_7' title="bbox 102 2677 1478 4307">
     <span class='ocr_line' id='line_1_22' title="bbox 181 2677 1388 2744; baseline 0.004 -18"><span class='ocrx_word' id='word_1_196' title='bbox 181 2679 275 2744; x_wconf 61' lang='lat' dir='ltr'>glarea:</span> <span class='ocrx_word' id='word_1_197' title='bbox 295 2679 340 2726; x_wconf 88' lang='lat' dir='ltr'>and</span> <span class='ocrx_word' id='word_1_198' title='bbox 361 2687 417 2726; x_wconf 84' lang='lat' dir='ltr'>start</span> <span class='ocrx_word' id='word_1_199' title='bbox 435 2693 466 2724; x_wconf 91' lang='lat' dir='ltr'>on</span> <span class='ocrx_word' id='word_1_200' title='bbox 486 2678 540 2726; x_wconf 86' lang='lat' dir='ltr'>such</span> <span class='ocrx_word' id='word_1_201' title='bbox 554 2680 663 2742; x_wconf 78' lang='lat' dir='ltr'>journeys</span> <span class='ocrx_word' id='word_1_202' title='bbox 680 2679 708 2725; x_wconf 82' lang='lat' dir='ltr'>of</span> <span class='ocrx_word' id='word_1_203' title='bbox 722 2677 757 2725; x_wconf 87' lang='lat' dir='ltr'>his</span> <span class='ocrx_word' id='word_1_204' title='bbox 807 2693 914 2731; x_wconf 64' lang='lat' dir='ltr'>summu</span> <span class='ocrx_word' id='word_1_205' title='bbox 931 2689 972 2726; x_wconf 88' lang='lat' dir='ltr'>ant</span> <span class='ocrx_word' id='word_1_206' title='bbox 990 2693 1033 2740; x_wconf 92' lang='lat' dir='ltr'>pro</span> <span class='ocrx_word' id='word_1_207' title='bbox 1047 2679 1111 2736; x_wconf 77' lang='lat' dir='ltr'>ecles.</span> <span class='ocrx_word' id='word_1_208' title='bbox 1126 2681 1174 2735; x_wconf 83' lang='lat' dir='ltr'>tali.</span> <span class='ocrx_word' id='word_1_209' title='bbox 1186 2691 1226 2728; x_wconf 87' lang='lat' dir='ltr'>aut</span> <span class='ocrx_word' id='word_1_210' title='bbox 1241 2683 1304 2730; x_wconf 88' lang='lat' dir='ltr'>aliud</span> <span class='ocrx_word' id='word_1_211' title='bbox 1320 2699 1388 2731; x_wconf 86' lang='lat' dir='ltr'>men·</span> 
     </span>
     <span class='ocr_line' id='line_1_23' title="bbox 181 2743 1388 2814; baseline 0.002 -22"><span class='ocrx_word' id='word_1_212' title='bbox 181 2759 235 2793; x_wconf 86' lang='lat' dir='ltr'>own</span> <span class='ocrx_word' id='word_1_213' title='bbox 254 2745 344 2800; x_wconf 77' lang='lat' dir='ltr'>accord,</span> <span class='ocrx_word' id='word_1_214' title='bbox 360 2743 459 2790; x_wconf 81' lang='lat' dir='ltr'>without</span> <span class='ocrx_word' id='word_1_215' title='bbox 476 2744 572 2807; x_wconf 77' lang='lat' dir='ltr'>waiting</span> <span class='ocrx_word' id='word_1_216' title='bbox 589 2753 615 2790; x_wconf 91' lang='lat' dir='ltr'>to</span> <span class='ocrx_word' id='word_1_217' title='bbox 633 2745 662 2791; x_wconf 92' lang='lat' dir='ltr'>be</span> <span class='ocrx_word' id='word_1_218' title='bbox 677 2743 757 2791; x_wconf 83' lang='lat' dir='ltr'>driven</span> <span class='ocrx_word' id='word_1_219' title='bbox 806 2744 862 2791; x_wconf 89' lang='lat' dir='ltr'>dum</span> <span class='ocrx_word' id='word_1_220' title='bbox 879 2745 965 2791; x_wconf 88' lang='lat' dir='ltr'>subest&#39;</span> <span class='ocrx_word' id='word_1_221' title='bbox 986 2745 1116 2806; x_wconf 76' lang='lat' dir='ltr'>(Fuernus).</span> <span class='ocrx_word' id='word_1_222' title='bbox 1149 2745 1214 2793; x_wconf 81' lang='lat' dir='ltr'>&#39;l&#39;bat</span> <span class='ocrx_word' id='word_1_223' title='bbox 1230 2747 1271 2795; x_wconf 89' lang='lat' dir='ltr'>the</span> <span class='ocrx_word' id='word_1_224' title='bbox 1286 2763 1388 2814; x_wconf 75' lang='lat' dir='ltr'>passage</span> 
     </span>
     <span class='ocr_line' id='line_1_24' title="bbox 181 2808 1387 2876; baseline 0.004 -19"><span class='ocrx_word' id='word_1_225' title='bbox 181 2809 444 2872; x_wconf 81' lang='lat' dir='ltr'>outbystressol&#39;war.</span> <span class='ocrx_word' id='word_1_226' title='bbox 478 2809 555 2856; x_wconf 87' lang='lat' dir='ltr'>These</span> <span class='ocrx_word' id='word_1_227' title='bbox 566 2808 645 2873; x_wconf 77' lang='lat' dir='ltr'>gloves</span> <span class='ocrx_word' id='word_1_228' title='bbox 655 2824 694 2856; x_wconf 89' lang='lat' dir='ltr'>are</span> <span class='ocrx_word' id='word_1_229' title='bbox 705 2823 758 2869; x_wconf 92' lang='lat' dir='ltr'>pro·</span> <span class='ocrx_word' id='word_1_230' title='bbox 806 2809 825 2855; x_wconf 87' lang='lat' dir='ltr'>is</span> <span class='ocrx_word' id='word_1_231' title='bbox 836 2819 928 2870; x_wconf 88' lang='lat' dir='ltr'>corrupt</span> <span class='ocrx_word' id='word_1_232' title='bbox 939 2818 965 2855; x_wconf 85' lang='lat' dir='ltr'>to</span> <span class='ocrx_word' id='word_1_233' title='bbox 976 2824 1041 2856; x_wconf 88' lang='lat' dir='ltr'>some</span> <span class='ocrx_word' id='word_1_234' title='bbox 1054 2817 1132 2857; x_wconf 82' lang='lat' dir='ltr'>extent</span> <span class='ocrx_word' id='word_1_235' title='bbox 1148 2811 1167 2858; x_wconf 89' lang='lat' dir='ltr'>is</span> <span class='ocrx_word' id='word_1_236' title='bbox 1183 2813 1297 2861; x_wconf 81' lang='lat' dir='ltr'>admitted</span> <span class='ocrx_word' id='word_1_237' title='bbox 1309 2815 1387 2876; x_wconf 83' lang='lat' dir='ltr'>byall</span> 
     </span>
     <span class='ocr_line' id='line_1_25' title="bbox 182 2873 1388 2944; baseline 0.003 -20"><span class='ocrx_word' id='word_1_238' title='bbox 182 2876 252 2938; x_wconf 79' lang='lat' dir='ltr'>bably</span> <span class='ocrx_word' id='word_1_239' title='bbox 271 2875 404 2924; x_wconf 84' lang='lat' dir='ltr'>mentioued</span> <span class='ocrx_word' id='word_1_240' title='bbox 426 2873 482 2921; x_wconf 87' lang='lat' dir='ltr'>with</span> <span class='ocrx_word' id='word_1_241' title='bbox 498 2882 626 2935; x_wconf 81' lang='lat' dir='ltr'>contempt.</span> <span class='ocrx_word' id='word_1_242' title='bbox 644 2883 669 2921; x_wconf 92' lang='lat' dir='ltr'>to</span> <span class='ocrx_word' id='word_1_243' title='bbox 692 2873 757 2921; x_wconf 92' lang='lat' dir='ltr'>show</span> <span class='ocrx_word' id='word_1_244' title='bbox 807 2882 995 2931; x_wconf 85' lang='lat' dir='ltr'>commentators,</span> <span class='ocrx_word' id='word_1_245' title='bbox 1009 2875 1051 2922; x_wconf 91' lang='lat' dir='ltr'>but</span> <span class='ocrx_word' id='word_1_246' title='bbox 1066 2875 1085 2922; x_wconf 90' lang='lat' dir='ltr'>it</span> <span class='ocrx_word' id='word_1_247' title='bbox 1102 2891 1175 2924; x_wconf 86' lang='lat' dir='ltr'>seems</span> <span class='ocrx_word' id='word_1_248' title='bbox 1193 2893 1218 2925; x_wconf 88' lang='lat' dir='ltr'>as</span> <span class='ocrx_word' id='word_1_249' title='bbox 1233 2878 1326 2944; x_wconf 74' lang='lat' dir='ltr'>though</span> <span class='ocrx_word' id='word_1_250' title='bbox 1342 2881 1388 2928; x_wconf 85' lang='lat' dir='ltr'>the</span> 
     </span>
     <span class='ocr_line' id='line_1_26' title="bbox 183 2939 1387 3008; baseline 0.003 -19"><span class='ocrx_word' id='word_1_251' title='bbox 183 2943 222 2990; x_wconf 89' lang='lat' dir='ltr'>the</span> <span class='ocrx_word' id='word_1_252' title='bbox 250 2941 386 3002; x_wconf 80' lang='lat' dir='ltr'>effeminacy</span> <span class='ocrx_word' id='word_1_253' title='bbox 414 2940 443 2986; x_wconf 83' lang='lat' dir='ltr'>of</span> <span class='ocrx_word' id='word_1_254' title='bbox 466 2939 507 2988; x_wconf 83' lang='lat' dir='ltr'>the</span> <span class='ocrx_word' id='word_1_255' title='bbox 531 2955 603 2994; x_wconf 77' lang='lat' dir='ltr'>man:</span> <span class='ocrx_word' id='word_1_256' title='bbox 627 2955 663 3000; x_wconf 91' lang='lat' dir='ltr'>cp.</span> <span class='ocrx_word' id='word_1_257' title='bbox 691 2939 757 3001; x_wconf 83' lang='lat' dir='ltr'>Pliny</span> <span class='ocrx_word' id='word_1_258' title='bbox 807 2939 864 2986; x_wconf 81' lang='lat' dir='ltr'>fault</span> <span class='ocrx_word' id='word_1_259' title='bbox 882 2940 920 3002; x_wconf 83' lang='lat' dir='ltr'>lay</span> <span class='ocrx_word' id='word_1_260' title='bbox 939 2940 1020 3001; x_wconf 91' lang='lat' dir='ltr'>deeper</span> <span class='ocrx_word' id='word_1_261' title='bbox 1039 2940 1095 2988; x_wconf 90' lang='lat' dir='ltr'>than</span> <span class='ocrx_word' id='word_1_262' title='bbox 1113 2942 1137 2987; x_wconf 91' lang='lat' dir='ltr'>in</span> <span class='ocrx_word' id='word_1_263' title='bbox 1156 2957 1202 2990; x_wconf 80' lang='lat' dir='ltr'>ans</span> <span class='ocrx_word' id='word_1_264' title='bbox 1219 2944 1290 3008; x_wconf 78' lang='lat' dir='ltr'>single</span> <span class='ocrx_word' id='word_1_265' title='bbox 1311 2947 1387 3002; x_wconf 78' lang='lat' dir='ltr'>word.</span> 
     </span>
     <span class='ocr_line' id='line_1_27' title="bbox 182 2994 1387 3074; baseline 0.004 -20"><span class='ocrx_word' id='word_1_266' title='bbox 182 3007 223 3069; x_wconf 85' lang='lat' dir='ltr'>Ep.</span> <span class='ocrx_word' id='word_1_267' title='bbox 248 3019 270 3068; x_wconf 75' lang='lat'>3.</span> <span class='ocrx_word' id='word_1_268' title='bbox 292 3018 315 3068; x_wconf 82' lang='lat'>5,</span> <span class='ocrx_word' id='word_1_269' title='bbox 340 3017 368 3067; x_wconf 81' lang='lat'>15</span> <span class='ocrx_word' id='word_1_270' title='bbox 392 3006 449 3056; x_wconf 72' lang='lat' dir='ltr'>‘sd</span> <span class='ocrx_word' id='word_1_271' title='bbox 470 3005 529 3052; x_wconf 89' lang='lat' dir='ltr'>latus</span> <span class='ocrx_word' id='word_1_272' title='bbox 556 3007 665 3062; x_wconf 62' lang='lat' dir='ltr'>sobrius,</span> <span class='ocrx_word' id='word_1_273' title='bbox 693 3005 757 3052; x_wconf 84' lang='lat' dir='ltr'>euius</span> <span class='ocrx_word' id='word_1_274' title='bbox 808 3004 869 3052; x_wconf 85' lang='lat' dir='ltr'>since</span> <span class='ocrx_word' id='word_1_275' title='bbox 888 3005 927 3052; x_wconf 87' lang='lat' dir='ltr'>the</span> <span class='ocrx_word' id='word_1_276' title='bbox 944 3005 1020 3053; x_wconf 89' lang='lat' dir='ltr'>clause</span> <span class='ocrx_word' id='word_1_277' title='bbox 1038 3012 1106 3054; x_wconf 86' lang='lat' dir='ltr'>‘cum</span> <span class='ocrx_word' id='word_1_278' title='bbox 1128 2994 1219 3064; x_wconf 67' lang='lat' dir='ltr'>esaerih&#39;</span> <span class='ocrx_word' id='word_1_279' title='bbox 1238 3007 1282 3058; x_wconf 83' lang='lat' dir='ltr'>dte.</span> <span class='ocrx_word' id='word_1_280' title='bbox 1301 3009 1387 3074; x_wconf 77' lang='lat' dir='ltr'>hardly</span> 
     </span>
     <span class='ocr_line' id='line_1_28' title="bbox 183 3070 1387 3138; baseline 0.003 -19"><span class='ocrx_word' id='word_1_281' title='bbox 183 3087 265 3119; x_wconf 88' lang='lat' dir='ltr'>manus</span> <span class='ocrx_word' id='word_1_282' title='bbox 286 3071 363 3118; x_wconf 90' lang='lat' dir='ltr'>hieme</span> <span class='ocrx_word' id='word_1_283' title='bbox 382 3070 476 3118; x_wconf 87' lang='lat' dir='ltr'>manicis</span> <span class='ocrx_word' id='word_1_284' title='bbox 492 3071 660 3126; x_wconf 78' lang='lat' dir='ltr'>muniebantur.</span> <span class='ocrx_word' id='word_1_285' title='bbox 680 3079 706 3117; x_wconf 92' lang='lat' dir='ltr'>ut</span> <span class='ocrx_word' id='word_1_286' title='bbox 728 3085 757 3116; x_wconf 89' lang='lat' dir='ltr'>ne</span> <span class='ocrx_word' id='word_1_287' title='bbox 808 3071 871 3134; x_wconf 82' lang='lat' dir='ltr'>gives</span> <span class='ocrx_word' id='word_1_288' title='bbox 894 3085 907 3116; x_wconf 88' lang='lat' dir='ltr'>a</span> <span class='ocrx_word' id='word_1_289' title='bbox 929 3071 1087 3134; x_wconf 79' lang='lat' dir='ltr'>grammatical</span> <span class='ocrx_word' id='word_1_290' title='bbox 1109 3073 1256 3133; x_wconf 73' lang='lat' dir='ltr'>explanation</span> <span class='ocrx_word' id='word_1_291' title='bbox 1279 3077 1309 3123; x_wconf 79' lang='lat' dir='ltr'>ol</span> <span class='ocrx_word' id='word_1_292' title='bbox 1327 3084 1387 3138; x_wconf 80' lang='lat' dir='ltr'>&#39;pro</span> 
     </span>
     <span class='ocr_line' id='line_1_29' title="bbox 183 3137 1388 3198; baseline 0.005 -14"><span class='ocrx_word' id='word_1_293' title='bbox 183 3138 239 3184; x_wconf 89' lang='lat' dir='ltr'>caeli</span> <span class='ocrx_word' id='word_1_294' title='bbox 248 3137 340 3198; x_wconf 86' lang='lat' dir='ltr'>quidem</span> <span class='ocrx_word' id='word_1_295' title='bbox 358 3137 465 3196; x_wconf 79' lang='lat' dir='ltr'>asperitas</span> <span class='ocrx_word' id='word_1_296' title='bbox 485 3137 556 3184; x_wconf 92' lang='lat' dir='ltr'>ullum</span> <span class='ocrx_word' id='word_1_297' title='bbox 572 3138 651 3186; x_wconf 86' lang='lat' dir='ltr'>studiis</span> <span class='ocrx_word' id='word_1_298' title='bbox 668 3147 758 3198; x_wconf 83' lang='lat' dir='ltr'>tempus</span> <span class='ocrx_word' id='word_1_299' title='bbox 808 3137 900 3183; x_wconf 87' lang='lat' dir='ltr'>decreto</span> <span class='ocrx_word' id='word_1_300' title='bbox 918 3138 1038 3196; x_wconf 66' lang='lat' dir='ltr'>putarem!</span> <span class='ocrx_word' id='word_1_301' title='bbox 1071 3137 1132 3184; x_wconf 83' lang='lat' dir='ltr'>&#39;Yet</span> <span class='ocrx_word' id='word_1_302' title='bbox 1150 3139 1160 3184; x_wconf 92' lang='lat' dir='ltr'>l</span> <span class='ocrx_word' id='word_1_303' title='bbox 1178 3139 1259 3187; x_wconf 81' lang='lat' dir='ltr'>should</span> <span class='ocrx_word' id='word_1_304' title='bbox 1279 3143 1388 3190; x_wconf 87' lang='lat' dir='ltr'>consider</span> 
     </span>
     <span class='ocr_line' id='line_1_30' title="bbox 183 3201 1389 3266; baseline 0.012 -25"><span class='ocrx_word' id='word_1_305' title='bbox 183 3201 296 3262; x_wconf 65' lang='lat' dir='ltr'>eriperes·</span> <span class='ocrx_word' id='word_1_306' title='bbox 808 3201 1389 3266; x_wconf 66' lang='lat' dir='ltr'>thatwebadasgoodasademeewhenthese</span> 
     </span>
     <span class='ocr_line' id='line_1_31' title="bbox 218 3266 1388 3336; baseline 0.004 -23"><span class='ocrx_word' id='word_1_307' title='bbox 218 3278 241 3326; x_wconf 84' lang='lat'>5.</span> <span class='ocrx_word' id='word_1_308' title='bbox 261 3267 340 3326; x_wconf 74' lang='lat' dir='ltr'>Quod</span> <span class='ocrx_word' id='word_1_309' title='bbox 364 3267 386 3314; x_wconf 88' lang='lat' dir='ltr'>si</span> <span class='ocrx_word' id='word_1_310' title='bbox 411 3267 571 3314; x_wconf 85' lang='lat' dir='ltr'>coniecerit.</span> <span class='ocrx_word' id='word_1_311' title='bbox 614 3266 685 3314; x_wconf 82' lang='lat' dir='ltr'>Halm</span> <span class='ocrx_word' id='word_1_312' title='bbox 707 3281 760 3330; x_wconf 79' lang='lat' dir='ltr'>sug·</span> <span class='ocrx_word' id='word_1_313' title='bbox 808 3281 868 3313; x_wconf 90' lang='lat' dir='ltr'>were</span> <span class='ocrx_word' id='word_1_314' title='bbox 879 3266 951 3314; x_wconf 82' lang='lat' dir='ltr'>found</span> <span class='ocrx_word' id='word_1_315' title='bbox 961 3282 1016 3314; x_wconf 91' lang='lat' dir='ltr'>men</span> <span class='ocrx_word' id='word_1_316' title='bbox 1026 3267 1054 3314; x_wconf 85' lang='lat' dir='ltr'>ol</span> <span class='ocrx_word' id='word_1_317' title='bbox 1068 3268 1124 3316; x_wconf 88' lang='lat' dir='ltr'>such</span> <span class='ocrx_word' id='word_1_318' title='bbox 1136 3271 1264 3336; x_wconf 73' lang='lat' dir='ltr'>surpassirrg</span> <span class='ocrx_word' id='word_1_319' title='bbox 1280 3275 1388 3321; x_wconf 83' lang='lat' dir='ltr'>meritin</span> 
     </span>
     <span class='ocr_line' id='line_1_32' title="bbox 102 3330 1390 3394; baseline 0.007 -19"><span class='ocrx_word' id='word_1_320' title='bbox 102 3383 106 3390; x_wconf 26' lang='lat'><strong>¹</strong></span> <span class='ocrx_word' id='word_1_321' title='bbox 185 3330 504 3394; x_wconf 77' lang='lat' dir='ltr'>gests‘quemsicont&#39;ecerit</span> <span class='ocrx_word' id='word_1_322' title='bbox 513 3330 526 3382; x_wconf 72' lang='grc' dir='ltr'>ς’</span> <span class='ocrx_word' id='word_1_323' title='bbox 538 3331 696 3379; x_wconf 86' lang='lat' dir='ltr'>buttheword</span> <span class='ocrx_word' id='word_1_324' title='bbox 705 3346 760 3393; x_wconf 83' lang='lat' dir='ltr'>may</span> <span class='ocrx_word' id='word_1_325' title='bbox 809 3341 896 3392; x_wconf 88' lang='lat' dir='ltr'>respect</span> <span class='ocrx_word' id='word_1_326' title='bbox 904 3331 932 3378; x_wconf 90' lang='lat' dir='ltr'>ol&#39;</span> <span class='ocrx_word' id='word_1_327' title='bbox 940 3333 1010 3388; x_wconf 82' lang='lat' dir='ltr'>birth,</span> <span class='ocrx_word' id='word_1_328' title='bbox 1022 3333 1067 3380; x_wconf 85' lang='lat' dir='ltr'>and</span> <span class='ocrx_word' id='word_1_329' title='bbox 1078 3334 1197 3390; x_wconf 82' lang='lat' dir='ltr'>influence.</span> <span class='ocrx_word' id='word_1_330' title='bbox 1207 3337 1252 3382; x_wconf 87' lang='lat' dir='ltr'>and</span> <span class='ocrx_word' id='word_1_331' title='bbox 1263 3339 1353 3394; x_wconf 76' lang='grc' dir='ltr'>νιΙοιιι,</span> <span class='ocrx_word' id='word_1_332' title='bbox 1361 3340 1390 3386; x_wconf 83' lang='lat' dir='ltr'>oi</span> 
     </span>
     <span class='ocr_line' id='line_1_33' title="bbox 185 3393 1388 3462; baseline 0.01 -22"><span class='ocrx_word' id='word_1_333' title='bbox 185 3394 236 3441; x_wconf 89' lang='lat' dir='ltr'>well</span> <span class='ocrx_word' id='word_1_334' title='bbox 255 3396 283 3440; x_wconf 93' lang='lat' dir='ltr'>be</span> <span class='ocrx_word' id='word_1_335' title='bbox 301 3393 355 3440; x_wconf 90' lang='lat' dir='ltr'>used</span> <span class='ocrx_word' id='word_1_336' title='bbox 373 3393 473 3440; x_wconf 85' lang='lat' dir='ltr'>without</span> <span class='ocrx_word' id='word_1_337' title='bbox 490 3407 519 3439; x_wconf 91' lang='lat' dir='ltr'>sn</span> <span class='ocrx_word' id='word_1_338' title='bbox 539 3397 658 3454; x_wconf 85' lang='lat' dir='ltr'>expressed</span> <span class='ocrx_word' id='word_1_339' title='bbox 674 3397 759 3456; x_wconf 84' lang='lat' dir='ltr'>object.</span> <span class='ocrx_word' id='word_1_340' title='bbox 809 3397 887 3444; x_wconf 86' lang='lat' dir='ltr'>whose</span> <span class='ocrx_word' id='word_1_341' title='bbox 902 3398 985 3445; x_wconf 88' lang='lat' dir='ltr'>armies</span> <span class='ocrx_word' id='word_1_342' title='bbox 999 3413 1044 3446; x_wconf 91' lang='lat' dir='ltr'>one</span> <span class='ocrx_word' id='word_1_343' title='bbox 1059 3399 1077 3446; x_wconf 90' lang='lat' dir='ltr'>is</span> <span class='ocrx_word' id='word_1_344' title='bbox 1091 3399 1184 3462; x_wconf 83' lang='lat' dir='ltr'>already</span> <span class='ocrx_word' id='word_1_345' title='bbox 1198 3401 1259 3448; x_wconf 86' lang='lat' dir='ltr'>close</span> <span class='ocrx_word' id='word_1_346' title='bbox 1275 3411 1299 3451; x_wconf 88' lang='lat' dir='ltr'>at</span> <span class='ocrx_word' id='word_1_347' title='bbox 1315 3403 1388 3458; x_wconf 76' lang='lat' dir='ltr'>hand.</span> 
     </span>
     <span class='ocr_line' id='line_1_34' title="bbox 185 3457 1389 3528; baseline 0.009 -22"><span class='ocrx_word' id='word_1_348' title='bbox 185 3459 223 3506; x_wconf 77' lang='lat' dir='ltr'>‘ii</span> <span class='ocrx_word' id='word_1_349' title='bbox 237 3458 267 3505; x_wconf 91' lang='lat' dir='ltr'>he</span> <span class='ocrx_word' id='word_1_350' title='bbox 284 3457 325 3504; x_wconf 88' lang='lat' dir='ltr'>has</span> <span class='ocrx_word' id='word_1_351' title='bbox 342 3457 438 3506; x_wconf 85' lang='lat' dir='ltr'>liolsbed</span> <span class='ocrx_word' id='word_1_352' title='bbox 461 3457 496 3504; x_wconf 88' lang='lat' dir='ltr'>bis</span> <span class='ocrx_word' id='word_1_353' title='bbox 514 3457 582 3513; x_wconf 81' lang='lat' dir='ltr'>tasls,&#39;</span> <span class='ocrx_word' id='word_1_354' title='bbox 600 3473 624 3505; x_wconf 89' lang='lat' dir='ltr'>as</span> <span class='ocrx_word' id='word_1_355' title='bbox 639 3460 657 3506; x_wconf 90' lang='lat' dir='ltr'>it</span> <span class='ocrx_word' id='word_1_356' title='bbox 674 3462 693 3508; x_wconf 89' lang='lat' dir='ltr'>is</span> <span class='ocrx_word' id='word_1_357' title='bbox 712 3477 760 3508; x_wconf 90' lang='lat' dir='ltr'>ern·</span> <span class='ocrx_word' id='word_1_358' title='bbox 809 3461 889 3509; x_wconf 83' lang='lat' dir='ltr'>within</span> <span class='ocrx_word' id='word_1_359' title='bbox 912 3477 954 3509; x_wconf 91' lang='lat' dir='ltr'>our</span> <span class='ocrx_word' id='word_1_360' title='bbox 975 3463 1122 3528; x_wconf 75' lang='lat' dir='ltr'>cogniaance.</span> <span class='ocrx_word' id='word_1_361' title='bbox 1144 3467 1189 3513; x_wconf 91' lang='lat' dir='ltr'>and</span> <span class='ocrx_word' id='word_1_362' title='bbox 1216 3467 1258 3513; x_wconf 90' lang='lat' dir='ltr'>the</span> <span class='ocrx_word' id='word_1_363' title='bbox 1280 3469 1349 3516; x_wconf 86' lang='lat' dir='ltr'>other</span> <span class='ocrx_word' id='word_1_364' title='bbox 1369 3471 1389 3517; x_wconf 88' lang='lat' dir='ltr'>is</span> 
     </span>
     <span class='ocr_line' id='line_1_35' title="bbox 185 3522 1101 3591; baseline 0.007 -21"><span class='ocrx_word' id='word_1_365' title='bbox 185 3523 269 3586; x_wconf 81' lang='lat' dir='ltr'>ployed</span> <span class='ocrx_word' id='word_1_366' title='bbox 283 3523 339 3570; x_wconf 90' lang='lat' dir='ltr'>with</span> <span class='ocrx_word' id='word_1_367' title='bbox 356 3522 471 3570; x_wconf 80' lang='lat' dir='ltr'>reference</span> <span class='ocrx_word' id='word_1_368' title='bbox 485 3532 511 3570; x_wconf 86' lang='lat' dir='ltr'>to</span> <span class='ocrx_word' id='word_1_369' title='bbox 525 3522 645 3586; x_wconf 48' lang='lat' dir='ltr'>bargain„</span> <span class='ocrx_word' id='word_1_370' title='bbox 660 3541 695 3588; x_wconf 88' lang='lat' dir='ltr'>ep.</span> <span class='ocrx_word' id='word_1_371' title='bbox 709 3529 759 3574; x_wconf 78' lang='lat' dir='ltr'>Att.</span> <span class='ocrx_word' id='word_1_372' title='bbox 810 3525 897 3574; x_wconf 84' lang='lat' dir='ltr'>known</span> <span class='ocrx_word' id='word_1_373' title='bbox 907 3535 934 3574; x_wconf 89' lang='lat' dir='ltr'>to</span> <span class='ocrx_word' id='word_1_374' title='bbox 945 3543 972 3574; x_wconf 84' lang='lat' dir='ltr'>us</span> <span class='ocrx_word' id='word_1_375' title='bbox 982 3530 1014 3591; x_wconf 83' lang='lat' dir='ltr'>by</span> <span class='ocrx_word' id='word_1_376' title='bbox 1024 3529 1101 3578; x_wconf 66' lang='lat' dir='ltr'>farne!</span> 
     </span>
     <span class='ocr_line' id='line_1_36' title="bbox 189 3587 1389 3668; baseline 0.01 -32"><span class='ocrx_word' id='word_1_377' title='bbox 189 3601 226 3638; x_wconf 84' lang='grc' dir='ltr'>ιι.</span> <span class='ocrx_word' id='word_1_378' title='bbox 241 3587 427 3653; x_wconf 81' lang='lat' dir='ltr'>19‚1·Oonfioe</span> <span class='ocrx_word' id='word_1_379' title='bbox 438 3588 467 3635; x_wconf 91' lang='lat' dir='ltr'>de</span> <span class='ocrx_word' id='word_1_380' title='bbox 477 3588 605 3636; x_wconf 68' lang='lat' dir='ltr'>columnis!</span> <span class='ocrx_word' id='word_1_381' title='bbox 847 3606 884 3668; x_wconf 79' lang='lat'>¹9·</span> <span class='ocrx_word' id='word_1_382' title='bbox 903 3593 1038 3642; x_wconf 73' lang='lat' dir='ltr'>Alienum.</span> <span class='ocrx_word' id='word_1_383' title='bbox 1072 3594 1125 3642; x_wconf 85' lang='lat' dir='ltr'>The</span> <span class='ocrx_word' id='word_1_384' title='bbox 1139 3597 1248 3658; x_wconf 67' lang='lat' dir='ltr'>morione</span> <span class='ocrx_word' id='word_1_385' title='bbox 1263 3600 1293 3646; x_wconf 82' lang='lat' dir='ltr'>oi</span> <span class='ocrx_word' id='word_1_386' title='bbox 1306 3600 1389 3648; x_wconf 86' lang='lat' dir='ltr'>Mace·</span> 
     </span>
     <span class='ocr_line' id='line_1_37' title="bbox 221 3653 1388 3726; baseline 0.009 -24"><span class='ocrx_word' id='word_1_387' title='bbox 221 3663 243 3716; x_wconf 80' lang='lat'>7.</span> <span class='ocrx_word' id='word_1_388' title='bbox 262 3654 356 3702; x_wconf 78' lang='lat' dir='ltr'>Adhuc</span> <span class='ocrx_word' id='word_1_389' title='bbox 383 3668 508 3716; x_wconf 90' lang='lat' dir='ltr'>quoque:</span> <span class='ocrx_word' id='word_1_390' title='bbox 537 3653 561 3700; x_wconf 88' lang='lat' dir='ltr'>in</span> <span class='ocrx_word' id='word_1_391' title='bbox 583 3655 683 3702; x_wconf 71' lang='lat' dir='ltr'>auumin</span> <span class='ocrx_word' id='word_1_392' title='bbox 721 3655 762 3702; x_wconf 82' lang='lat' dir='ltr'>the</span> <span class='ocrx_word' id='word_1_393' title='bbox 811 3657 879 3704; x_wconf 87' lang='lat' dir='ltr'>doma</span> <span class='ocrx_word' id='word_1_394' title='bbox 897 3657 943 3704; x_wconf 89' lang='lat' dir='ltr'>had</span> <span class='ocrx_word' id='word_1_395' title='bbox 959 3659 1080 3722; x_wconf 79' lang='lat' dir='ltr'>originally</span> <span class='ocrx_word' id='word_1_396' title='bbox 1096 3661 1154 3708; x_wconf 87' lang='lat' dir='ltr'>been</span> <span class='ocrx_word' id='word_1_397' title='bbox 1170 3663 1239 3726; x_wconf 75' lang='lat' dir='ltr'>given</span> <span class='ocrx_word' id='word_1_398' title='bbox 1256 3666 1388 3721; x_wconf 85' lang='lat' dir='ltr'>toBrutus.</span> 
     </span>
     <span class='ocr_line' id='line_1_38' title="bbox 186 3717 1389 3787; baseline 0.011 -21"><span class='ocrx_word' id='word_1_399' title='bbox 186 3720 311 3766; x_wconf 85' lang='lat' dir='ltr'>command</span> <span class='ocrx_word' id='word_1_400' title='bbox 322 3718 351 3765; x_wconf 84' lang='lat' dir='ltr'>of</span> <span class='ocrx_word' id='word_1_401' title='bbox 358 3717 495 3783; x_wconf 82' lang='lat' dir='ltr'>thelegions</span> <span class='ocrx_word' id='word_1_402' title='bbox 503 3719 532 3766; x_wconf 81' lang='lat' dir='ltr'>ot&#39;</span> <span class='ocrx_word' id='word_1_403' title='bbox 535 3719 646 3769; x_wconf 86' lang='lat' dir='ltr'>Vatinius.</span> <span class='ocrx_word' id='word_1_404' title='bbox 730 3735 761 3768; x_wconf 89' lang='lat' dir='ltr'>on</span> <span class='ocrx_word' id='word_1_405' title='bbox 811 3725 853 3770; x_wconf 82' lang='lat' dir='ltr'>but</span> <span class='ocrx_word' id='word_1_406' title='bbox 875 3737 922 3770; x_wconf 88' lang='lat' dir='ltr'>was</span> <span class='ocrx_word' id='word_1_407' title='bbox 944 3725 1080 3772; x_wconf 77' lang='lat' dir='ltr'>transferred</span> <span class='ocrx_word' id='word_1_408' title='bbox 1097 3728 1129 3787; x_wconf 82' lang='lat' dir='ltr'>by</span> <span class='ocrx_word' id='word_1_409' title='bbox 1147 3727 1188 3774; x_wconf 91' lang='lat' dir='ltr'>the</span> <span class='ocrx_word' id='word_1_410' title='bbox 1206 3739 1286 3777; x_wconf 87' lang='lat' dir='ltr'>senate</span> <span class='ocrx_word' id='word_1_411' title='bbox 1302 3739 1330 3778; x_wconf 89' lang='lat' dir='ltr'>to</span> <span class='ocrx_word' id='word_1_412' title='bbox 1351 3732 1389 3779; x_wconf 85' lang='lat' dir='ltr'>hi.</span> 
     </span>
     <span class='ocr_line' id='line_1_39' title="bbox 190 3789 1390 3861; baseline 0.01 -29"><span class='ocrx_word' id='word_1_413' title='bbox 190 3797 228 3833; x_wconf 84' lang='lat'>10.</span> <span class='ocrx_word' id='word_1_414' title='bbox 242 3795 266 3844; x_wconf 82' lang='lat'>5,</span> <span class='ocrx_word' id='word_1_415' title='bbox 281 3795 318 3831; x_wconf 82' lang='grc' dir='ltr'>ιι.</span> <span class='ocrx_word' id='word_1_416' title='bbox 811 3789 926 3835; x_wconf 79' lang='lat' dir='ltr'>Antonius</span> <span class='ocrx_word' id='word_1_417' title='bbox 936 3789 995 3836; x_wconf 85' lang='lat' dir='ltr'>alter</span> <span class='ocrx_word' id='word_1_418' title='bbox 1006 3791 1107 3838; x_wconf 65' lang='lat' dir='ltr'>Caesada</span> <span class='ocrx_word' id='word_1_419' title='bbox 1117 3793 1195 3840; x_wconf 86' lang='lat' dir='ltr'>death.</span> <span class='ocrx_word' id='word_1_420' title='bbox 1212 3793 1270 3842; x_wconf 82' lang='lat' dir='ltr'>&#39;l&#39;bis</span> <span class='ocrx_word' id='word_1_421' title='bbox 1282 3811 1390 3861; x_wconf 80' lang='lat' dir='ltr'>arrange-</span> 
     </span>
     <span class='ocr_line' id='line_1_40' title="bbox 223 3849 1389 3926; baseline 0.011 -30"><span class='ocrx_word' id='word_1_422' title='bbox 223 3859 260 3896; x_wconf 86' lang='lat'>11.</span> <span class='ocrx_word' id='word_1_423' title='bbox 280 3849 367 3909; x_wconf 75' lang='lat' dir='ltr'>Quam</span> <span class='ocrx_word' id='word_1_424' title='bbox 387 3851 516 3906; x_wconf 88' lang='lat' dir='ltr'>moribus,</span> <span class='ocrx_word' id='word_1_425' title='bbox 534 3849 641 3900; x_wconf 86' lang='lat' dir='ltr'>‘thanto</span> <span class='ocrx_word' id='word_1_426' title='bbox 656 3851 697 3899; x_wconf 86' lang='lat' dir='ltr'>the</span> <span class='ocrx_word' id='word_1_427' title='bbox 713 3866 763 3898; x_wconf 87' lang='lat' dir='ltr'>cus·</span> <span class='ocrx_word' id='word_1_428' title='bbox 812 3862 876 3900; x_wconf 88' lang='lat' dir='ltr'>ment</span> <span class='ocrx_word' id='word_1_429' title='bbox 898 3853 980 3902; x_wconf 83' lang='lat' dir='ltr'>Cicero</span> <span class='ocrx_word' id='word_1_430' title='bbox 1007 3857 1141 3920; x_wconf 83' lang='lat' dir='ltr'>apparently</span> <span class='ocrx_word' id='word_1_431' title='bbox 1163 3857 1341 3926; x_wconf 76' lang='lat' dir='ltr'>admowledges</span> <span class='ocrx_word' id='word_1_432' title='bbox 1364 3877 1389 3909; x_wconf 88' lang='lat' dir='ltr'>as</span> 
     </span>
     <span class='ocr_line' id='line_1_41' title="bbox 187 3907 1478 3988; baseline 0.011 -26"><span class='ocrx_word' id='word_1_433' title='bbox 187 3923 280 3974; x_wconf 81' lang='lat' dir='ltr'>tomary</span> <span class='ocrx_word' id='word_1_434' title='bbox 297 3915 355 3961; x_wconf 89' lang='lat' dir='ltr'>rules</span> <span class='ocrx_word' id='word_1_435' title='bbox 373 3913 401 3960; x_wconf 82' lang='lat' dir='ltr'>of</span> <span class='ocrx_word' id='word_1_436' title='bbox 417 3915 532 3964; x_wconf 70' lang='lat' dir='ltr'>conduct!</span> <span class='ocrx_word' id='word_1_437' title='bbox 564 3916 608 3978; x_wconf 83' lang='lat' dir='ltr'>Cp.</span> <span class='ocrx_word' id='word_1_438' title='bbox 623 3917 669 3965; x_wconf 78' lang='lat' dir='ltr'>Oli.</span> <span class='ocrx_word' id='word_1_439' title='bbox 689 3929 710 3965; x_wconf 89' lang='lat'>1.</span> <span class='ocrx_word' id='word_1_440' title='bbox 722 3928 762 3971; x_wconf 86' lang='lat' dir='ltr'>ro.</span> <span class='ocrx_word' id='word_1_441' title='bbox 812 3919 880 3974; x_wconf 82' lang='lat' dir='ltr'>ralid.</span> <span class='ocrx_word' id='word_1_442' title='bbox 898 3919 960 3966; x_wconf 89' lang='lat' dir='ltr'>since</span> <span class='ocrx_word' id='word_1_443' title='bbox 978 3921 996 3967; x_wconf 87' lang='lat' dir='ltr'>it</span> <span class='ocrx_word' id='word_1_444' title='bbox 1014 3921 1062 3969; x_wconf 83' lang='lat' dir='ltr'>aleo</span> <span class='ocrx_word' id='word_1_445' title='bbox 1082 3923 1221 3972; x_wconf 83' lang='lat' dir='ltr'>constituted</span> <span class='ocrx_word' id='word_1_446' title='bbox 1238 3925 1279 3973; x_wconf 90' lang='lat' dir='ltr'>the</span> <span class='ocrx_word' id='word_1_447' title='bbox 1298 3927 1351 3975; x_wconf 82' lang='lat' dir='ltr'>title</span> <span class='ocrx_word' id='word_1_448' title='bbox 1363 3927 1393 3975; x_wconf 81' lang='lat' dir='ltr'>of</span> <span class='ocrx_word' id='word_1_449' title='bbox 1477 3907 1478 3988; x_wconf 70' lang='lat' dir='ltr'>l</span> 
     </span>
     <span class='ocr_line' id='line_1_42' title="bbox 189 3979 1478 4052; baseline 0.012 -25"><span class='ocrx_word' id='word_1_450' title='bbox 189 3992 218 4042; x_wconf 79' lang='lat'>31</span> <span class='ocrx_word' id='word_1_451' title='bbox 234 3979 355 4026; x_wconf 77' lang='lat' dir='ltr'>&#39;Incidunt</span> <span class='ocrx_word' id='word_1_452' title='bbox 367 3991 434 4039; x_wconf 84' lang='lat' dir='ltr'>saepe</span> <span class='ocrx_word' id='word_1_453' title='bbox 451 3989 564 4042; x_wconf 84' lang='lat' dir='ltr'>tempora.</span> <span class='ocrx_word' id='word_1_454' title='bbox 581 3997 635 4030; x_wconf 88' lang='lat' dir='ltr'>cum</span> <span class='ocrx_word' id='word_1_455' title='bbox 652 3997 686 4038; x_wconf 83' lang='lat' dir='ltr'>ea.</span> <span class='ocrx_word' id='word_1_456' title='bbox 704 3997 762 4044; x_wconf 88' lang='lat' dir='ltr'>qnae</span> <span class='ocrx_word' id='word_1_457' title='bbox 812 3984 895 4030; x_wconf 86' lang='lat' dir='ltr'>Brutus</span> <span class='ocrx_word' id='word_1_458' title='bbox 906 3993 932 4032; x_wconf 93' lang='lat' dir='ltr'>to</span> <span class='ocrx_word' id='word_1_459' title='bbox 943 3985 1018 4034; x_wconf 88' lang='lat' dir='ltr'>Crete.</span> <span class='ocrx_word' id='word_1_460' title='bbox 1059 3985 1112 4035; x_wconf 88' lang='lat' dir='ltr'>Tbe</span> <span class='ocrx_word' id='word_1_461' title='bbox 1127 3990 1265 4052; x_wconf 86' lang='lat' dir='ltr'>subsequent</span> <span class='ocrx_word' id='word_1_462' title='bbox 1280 3994 1390 4040; x_wconf 68' lang='lat' dir='ltr'>hanefa-</span> <span class='ocrx_word' id='word_1_463' title='bbox 1477 3989 1478 4026; x_wconf 78' lang='lat' dir='ltr'>l</span> 
     </span>
     <span class='ocr_line' id='line_1_43' title="bbox 189 4045 1390 4108; baseline 0.011 -16"><span class='ocrx_word' id='word_1_464' title='bbox 189 4045 291 4093; x_wconf 86' lang='lat' dir='ltr'>maxime</span> <span class='ocrx_word' id='word_1_465' title='bbox 311 4045 416 4091; x_wconf 87' lang='lat' dir='ltr'>videntur</span> <span class='ocrx_word' id='word_1_466' title='bbox 434 4045 503 4108; x_wconf 79' lang='lat' dir='ltr'>digna</span> <span class='ocrx_word' id='word_1_467' title='bbox 521 4061 570 4094; x_wconf 83' lang='lat' dir='ltr'>esse</span> <span class='ocrx_word' id='word_1_468' title='bbox 588 4048 649 4094; x_wconf 85' lang='lat' dir='ltr'>iusto</span> <span class='ocrx_word' id='word_1_469' title='bbox 667 4047 763 4096; x_wconf 88' lang='lat' dir='ltr'>homine</span> <span class='ocrx_word' id='word_1_470' title='bbox 813 4063 868 4096; x_wconf 87' lang='lat' dir='ltr'>enee</span> <span class='ocrx_word' id='word_1_471' title='bbox 882 4049 912 4095; x_wconf 82' lang='lat' dir='ltr'>of</span> <span class='ocrx_word' id='word_1_472' title='bbox 921 4049 1059 4098; x_wconf 87' lang='lat' dir='ltr'>Macedonia</span> <span class='ocrx_word' id='word_1_473' title='bbox 1075 4061 1102 4101; x_wconf 88' lang='lat' dir='ltr'>to</span> <span class='ocrx_word' id='word_1_474' title='bbox 1113 4054 1141 4102; x_wconf 85' lang='lat' dir='ltr'>C.</span> <span class='ocrx_word' id='word_1_475' title='bbox 1152 4055 1267 4104; x_wconf 82' lang='lat' dir='ltr'>Antonius</span> <span class='ocrx_word' id='word_1_476' title='bbox 1278 4071 1314 4104; x_wconf 87' lang='lat' dir='ltr'>we</span> <span class='ocrx_word' id='word_1_477' title='bbox 1327 4057 1390 4106; x_wconf 80' lang='lat' dir='ltr'>have</span> 
     </span>
     <span class='ocr_line' id='line_1_44' title="bbox 189 4110 1390 4186; baseline 0.013 -30"><span class='ocrx_word' id='word_1_478' title='bbox 189 4123 342 4172; x_wconf 87' lang='lat' dir='ltr'>eoquequem</span> <span class='ocrx_word' id='word_1_479' title='bbox 354 4110 428 4156; x_wconf 76' lang='lat' dir='ltr'>virum</span> <span class='ocrx_word' id='word_1_480' title='bbox 441 4111 528 4157; x_wconf 90' lang='lat' dir='ltr'>bonum</span> <span class='ocrx_word' id='word_1_481' title='bbox 546 4113 643 4160; x_wconf 86' lang='lat' dir='ltr'>dicimus</span> <span class='ocrx_word' id='word_1_482' title='bbox 659 4127 764 4160; x_wconf 86' lang='lat' dir='ltr'>eorumn-</span> <span class='ocrx_word' id='word_1_483' title='bbox 813 4129 866 4161; x_wconf 87' lang='lat' dir='ltr'>seen</span> <span class='ocrx_word' id='word_1_484' title='bbox 880 4114 929 4160; x_wconf 90' lang='lat' dir='ltr'>him</span> <span class='ocrx_word' id='word_1_485' title='bbox 943 4117 1121 4180; x_wconf 68' lang='lat' dir='ltr'>repudiatelto.</span> <span class='ocrx_word' id='word_1_486' title='bbox 1136 4131 1159 4180; x_wconf 81' lang='lat'>5.</span> <span class='ocrx_word' id='word_1_487' title='bbox 1174 4132 1204 4168; x_wconf 84' lang='grc' dir='ltr'>ιο</span> <span class='ocrx_word' id='word_1_488' title='bbox 1218 4122 1286 4184; x_wconf 76' lang='lat' dir='ltr'>foll.)-</span> <span class='ocrx_word' id='word_1_489' title='bbox 1321 4123 1346 4170; x_wconf 85' lang='lat' dir='ltr'>ll</span> <span class='ocrx_word' id='word_1_490' title='bbox 1358 4127 1390 4186; x_wconf 84' lang='lat' dir='ltr'>by</span> 
     </span>
     <span class='ocr_line' id='line_1_45' title="bbox 188 4175 1390 4252; baseline 0.011 -29"><span class='ocrx_word' id='word_1_491' title='bbox 188 4184 268 4224; x_wconf 87' lang='lat' dir='ltr'>tantur</span> <span class='ocrx_word' id='word_1_492' title='bbox 277 4175 381 4237; x_wconf 82' lang='lat' dir='ltr'>fiuntque</span> <span class='ocrx_word' id='word_1_493' title='bbox 391 4175 519 4222; x_wconf 88' lang='lat' dir='ltr'>contraria.&#39;</span> <span class='ocrx_word' id='word_1_494' title='bbox 813 4179 854 4226; x_wconf 86' lang='lat' dir='ltr'>the</span> <span class='ocrx_word' id='word_1_495' title='bbox 864 4189 923 4227; x_wconf 90' lang='lat' dir='ltr'>term</span> <span class='ocrx_word' id='word_1_496' title='bbox 936 4181 1060 4229; x_wconf 84' lang='lat' dir='ltr'>&#39;alienam&#39;</span> <span class='ocrx_word' id='word_1_497' title='bbox 1071 4182 1153 4231; x_wconf 87' lang='lat' dir='ltr'>Cicero</span> <span class='ocrx_word' id='word_1_498' title='bbox 1170 4195 1249 4234; x_wconf 89' lang='lat' dir='ltr'>meant</span> <span class='ocrx_word' id='word_1_499' title='bbox 1264 4195 1292 4234; x_wconf 89' lang='lat' dir='ltr'>to</span> <span class='ocrx_word' id='word_1_500' title='bbox 1303 4189 1390 4252; x_wconf 79' lang='lat' dir='ltr'>sigoin</span> 
     </span>
     <span class='ocr_line' id='line_1_46' title="bbox 225 4239 1390 4307; baseline 0.012 -19"><span class='ocrx_word' id='word_1_501' title='bbox 225 4239 625 4302; x_wconf 77' lang='lat' dir='ltr'>12.Necnuncprimnm.dtc.</span> <span class='ocrx_word' id='word_1_502' title='bbox 660 4243 764 4289; x_wconf 79' lang='lat' dir='ltr'>Anallu·</span> <span class='ocrx_word' id='word_1_503' title='bbox 813 4243 854 4290; x_wconf 91' lang='lat' dir='ltr'>the</span> <span class='ocrx_word' id='word_1_504' title='bbox 875 4245 984 4304; x_wconf 85' lang='lat' dir='ltr'>province</span> <span class='ocrx_word' id='word_1_505' title='bbox 1006 4247 1034 4292; x_wconf 79' lang='lat' dir='ltr'>ol</span> <span class='ocrx_word' id='word_1_506' title='bbox 1058 4247 1246 4307; x_wconf 67' lang='lat' dir='ltr'>Hortensianae</span> <span class='ocrx_word' id='word_1_507' title='bbox 1268 4253 1390 4302; x_wconf 84' lang='lat' dir='ltr'>Manutius</span> 
     </span>
    </p>
   </div>
   <div class='ocr_carea' id='block_1_4' title="bbox 190 4304 1390 4367">
    <p class='ocr_par' dir='ltr' id='par_1_8' title="bbox 190 4304 1390 4367">
     <span class='ocr_line' id='line_1_47' title="bbox 190 4304 1390 4367; baseline 0.001 -15"><span class='ocrx_word' id='word_1_508' title='bbox 190 4305 241 4352; x_wconf 87' lang='lat' dir='ltr'>sion</span> <span class='ocrx_word' id='word_1_509' title='bbox 262 4305 374 4365; x_wconf 80' lang='lat' dir='ltr'>probably</span> <span class='ocrx_word' id='word_1_510' title='bbox 396 4313 422 4352; x_wconf 88' lang='lat' dir='ltr'>to</span> <span class='ocrx_word' id='word_1_511' title='bbox 445 4305 505 4351; x_wconf 89' lang='lat' dir='ltr'>their</span> <span class='ocrx_word' id='word_1_512' title='bbox 527 4304 592 4350; x_wconf 83' lang='lat' dir='ltr'>share</span> <span class='ocrx_word' id='word_1_513' title='bbox 617 4305 640 4349; x_wconf 88' lang='lat' dir='ltr'>in</span> <span class='ocrx_word' id='word_1_514' title='bbox 662 4305 764 4352; x_wconf 71' lang='lat' dir='ltr'>Cauar&#39;s</span> <span class='ocrx_word' id='word_1_515' title='bbox 814 4321 928 4367; x_wconf 82' lang='lat' dir='ltr'>supposes,</span> <span class='ocrx_word' id='word_1_516' title='bbox 939 4307 969 4354; x_wconf 91' lang='lat' dir='ltr'>he</span> <span class='ocrx_word' id='word_1_517' title='bbox 980 4311 1046 4357; x_wconf 87' lang='lat' dir='ltr'>could</span> <span class='ocrx_word' id='word_1_518' title='bbox 1062 4321 1104 4358; x_wconf 88' lang='lat' dir='ltr'>not</span> <span class='ocrx_word' id='word_1_519' title='bbox 1117 4313 1177 4361; x_wconf 70' lang='lat' dir='ltr'>hm</span> <span class='ocrx_word' id='word_1_520' title='bbox 1190 4315 1269 4364; x_wconf 59' lang='lat' dir='ltr'>ulked</span> <span class='ocrx_word' id='word_1_521' title='bbox 1282 4319 1390 4367; x_wconf 55' lang='lat' dir='ltr'>omme</span> 
     </span>
    </p>
   </div>
   <div class='ocr_carea' id='block_1_5' title="bbox 190 4369 1112 4490">
    <p class='ocr_par' dir='ltr' id='par_1_9' title="bbox 190 4369 1112 4490">
     <span class='ocr_line' id='line_1_48' title="bbox 190 4369 1112 4431; baseline 0.007 -15"><span class='ocrx_word' id='word_1_522' title='bbox 190 4369 268 4416; x_wconf 84' lang='lat' dir='ltr'>death.</span> <span class='ocrx_word' id='word_1_523' title='bbox 815 4383 839 4414; x_wconf 82' lang='lat' dir='ltr'>aa</span> <span class='ocrx_word' id='word_1_524' title='bbox 849 4371 974 4431; x_wconf 73' lang='lat' dir='ltr'>belonging</span> <span class='ocrx_word' id='word_1_525' title='bbox 985 4381 1011 4418; x_wconf 91' lang='lat' dir='ltr'>to</span> <span class='ocrx_word' id='word_1_526' title='bbox 1022 4375 1112 4424; x_wconf 85' lang='lat' dir='ltr'>Brutus.</span> 
     </span>
     <span class='ocr_line' id='line_1_49' title="bbox 227 4427 765 4490; baseline -0.006 -11"><span class='ocrx_word' id='word_1_527' title='bbox 227 4444 262 4490; x_wconf 80' lang='lat'>15.</span> <span class='ocrx_word' id='word_1_528' title='bbox 282 4433 365 4479; x_wconf 88' lang='lat' dir='ltr'>Tales</span> <span class='ocrx_word' id='word_1_529' title='bbox 385 4433 494 4484; x_wconf 85' lang='lat' dir='ltr'>virtute,</span> <span class='ocrx_word' id='word_1_530' title='bbox 512 4427 554 4476; x_wconf 75' lang='lat' dir='ltr'>&amp;c</span> <span class='ocrx_word' id='word_1_531' title='bbox 602 4430 662 4473; x_wconf 79' lang='lat' dir='ltr'>‘Aut</span> <span class='ocrx_word' id='word_1_532' title='bbox 682 4431 765 4476; x_wconf 83' lang='lat' dir='ltr'>summi</span> 
     </span>
    </p>
   </div>
   <div class='ocr_carea' id='block_1_6' title="bbox 213 2612 1388 2681">
    <p class='ocr_par' dir='ltr' id='par_1_10' title="bbox 213 2475 1478 2888">
     <span class='ocr_line' id='line_1_50' title="bbox 213 2612 1388 2681; baseline 0.002 -19"><span class='ocrx_word' id='word_1_533' title='bbox 213 2629 237 2676; x_wconf 82' lang='lat'>4.</span> <span class='ocrx_word' id='word_1_534' title='bbox 256 2615 388 2675; x_wconf 76' lang='lat' dir='ltr'>Accipere</span> <span class='ocrx_word' id='word_1_535' title='bbox 408 2615 537 2666; x_wconf 87' lang='lat' dir='ltr'>manicas.</span> <span class='ocrx_word' id='word_1_536' title='bbox 557 2619 597 2660; x_wconf 80' lang='lat' dir='ltr'>‘to</span> <span class='ocrx_word' id='word_1_537' title='bbox 614 2622 656 2674; x_wconf 89' lang='lat' dir='ltr'>put</span> <span class='ocrx_word' id='word_1_538' title='bbox 673 2628 703 2660; x_wconf 90' lang='lat' dir='ltr'>on</span> <span class='ocrx_word' id='word_1_539' title='bbox 721 2612 756 2660; x_wconf 84' lang='lat' dir='ltr'>bis</span> <span class='ocrx_word' id='word_1_540' title='bbox 807 2613 917 2668; x_wconf 83' lang='lat' dir='ltr'>abundat.</span> <span class='ocrx_word' id='word_1_541' title='bbox 939 2615 1003 2674; x_wconf 88' lang='lat' dir='ltr'>quod</span> <span class='ocrx_word' id='word_1_542' title='bbox 1025 2629 1072 2660; x_wconf 88' lang='lat' dir='ltr'>non</span> <span class='ocrx_word' id='word_1_543' title='bbox 1098 2616 1175 2670; x_wconf 85' lang='lat' dir='ltr'>eredo.</span> <span class='ocrx_word' id='word_1_544' title='bbox 1198 2626 1238 2664; x_wconf 88' lang='lat' dir='ltr'>aut</span> <span class='ocrx_word' id='word_1_545' title='bbox 1259 2617 1388 2681; x_wconf 64' lang='grc' dir='ltr'>Ιιςειιάιιιιι</span> 
     </span>
    </p>
   </div>
   <div class='ocr_carea' id='block_1_7' title="bbox 0 0 1515 4706">
    <p class='ocr_par' dir='ltr' id='par_1_11' title="bbox 0 0 1515 4706">
     <span class='ocr_line' id='line_1_51' title="bbox 0 0 1515 4706; baseline 0 0"><span class='ocrx_word' id='word_1_546' title='bbox 0 0 1515 4706; x_wconf 95' lang='lat' dir='ltr'> </span> 
     </span>
    </p>
   </div>
  </div>
 </body>
</html>
