2998 4706
145 247 205 310 188
481 251 530 310 M.
561 249 723 310 TULLII
751 251 1004 312 CICERONIS
1205 267 1347 320 ogo-3,

140 429 215 472 cum
245 409 437 494 eosdemun
468 398 563 499 agros}
589 411 689 472 etiam
714 409 889 473 deduxerit.
942 410 1028 500 Qis
1053 429 1204 492 umquam
1234 427 1349 473 omnes

141 513 266 576 tribus?
286 515 358 594 quis
374 514 498 596 equites
512 511 704 577 Romanos?
721 515 793 595 quis
808 513 954 576 tribunos
971 513 1151 600 militares?
1185 513 1349 577 Graccho-

141 635 211 680 rum
226 618 405 700 potentiam
421 617 576 680 maiorem
591 615 689 678 fuisse
703 616 920 698 arbitramini,
934 634 1040 699 quam
1047 598 1140 679 huius
1158 617 1348 701 gladiatoris

141 721 246 786 futura
260 721 327 784 sit?
348 738 444 802 quem
460 719 669 802 gladiatorem
684 739 751 782 non
767 721 815 783 ita
830 720 1000 804 appellavi,
1016 731 1051 783 ut
1067 721 1228 784 interdum
1244 724 1348 784 etiam

112 823 190 892 sM.
217 815 380 887 Antonius
409 822 566 906 gladiator
591 821 741 907 appellari
772 823 866 906 solet,
892 823 948 887 sed
978 833 1014 886 ut
1039 824 1202 908 appellant
1230 827 1267 908 ii,
1291 827 1346 906 qui

141 927 235 1012 plane
257 936 291 990 et
315 925 616 1038 Latpnexlocuntur.
660 923 827 1011 Myrmillo
852 928 887 989 in
910 927 992 990 Asia
1010 926 1215 1010 depugnavit.
1259 927 1348 991 Cum

139 1039 285 1094 omasset
305 999 509 1124 thraehldicip
524 1031 681 1103 comitem
701 1041 736 1093 et
755 1029 948 1094 familiarem
965 1051 1070 1114 suum,
1085 1032 1177 1095 illum
1193 1035 1347 1096 miserum

140 1135 318 1218 fugientem
342 1101 518 1218 iug‘ilhvitg
543 1111 738 1196 luci'rlcnlh'm
762 1143 874 1198 tamen
899 1135 967 1218 ipse
991 1136 1118 1220 plagam
1143 1137 1280 1219 accepit,
1310 1145 1346 1200 ut

140 1237 280 1301 declarat
310 1202 453 1302 ciiitlix.
506 1237 573 1327 Qi
604 1237 798 1300 familiarem
824 1237 985 1322 iugularit,
1010 1238 1087 1320 quid
1118 1240 1146 1300 is
1175 1241 1394 1302 occasionem

97 1359 128 1396 ιο
141 1341 217 1404 data
231 1341 329 1406 faciet
345 1341 505 1404 inimico?
525 1342 627 1422 etqui
647 1339 723 1403 illud
742 1342 845 1403 animi
862 1357 958 1404 causa
973 1341 1097 1424 fecerit,
1112 1341 1346 1452 hunc‚praedae

142 1465 238 1508 causa
258 1446 334 1528 quid
360 1446 517 1510 facturum
538 1445 682 1528 putatis?
726 1444 807 1507 Non
829 1463 934 1508 rursus
957 1445 1119 1527 improbos
1142 1415 1362 1509 dl'ciri'ahitt'

142 1567 209 1612 non
229 1549 418 1616 sollicitabit
436 1567 539 1611 rursus
558 1548 722 1631 agrarios?
744 1567 811 1611 non
825 1557 973 1629 queretur
991 1548 1161 1632 expulsos?
1202 1547 1252 1611 M.
1267 1568 1368 1611 vero·

141 1651 305 1735 Antonius
328 1671 394 1715 non
417 1653 445 1714 is
468 1653 541 1734 erit,
556 1651 596 1714 ad
613 1668 708 1733 quem
730 1651 821 1714 omni
845 1660 935 1714 motu
957 1671 1128 1714 concursus
1147 1651 1204 1714 fiat
1223 1653 1345 1714 civium

142 1734 357 1837 pelditorur‘n?
401 1751 451 1818 Ut
474 1773 570 1817 nemo
592 1755 635 1816 sit
658 1753 739 1816 alius
761 1754 826 1815 nisi
850 1755 887 1835 ii,
908 1755 963 1836 qui
986 1773 1052 1816 una
1074 1764 1161 1838 sunt,
1180 1764 1213 1817 et
1236 1755 1344 1837 ii,qui

98 1871 127 1923 ¹⁵
142 1857 194 1918 hic
209 1857 239 1918 ei
264 1876 351 1920 nunc
372 1866 481 1964 aperte
498 1855 621 1951 favpnt,
637 1829 790 1940 pdddm‘n'e
812 1866 905 1920 erunt
921 1855 1039 1920 multi?
1061 1859 1250 1952 praesprtim
1270 1876 1344 1920 cum

141 1960 297 2022 bonorum
319 1942 477 2044 pra'esidia
498 1947 717 2042 discescerint,
739 1959 787 2022 illi
809 1961 912 2043 parati
934 1961 1002 2024 sint
1024 1961 1064 2024 ad
1087 1943 1201 2024 niithm
1222 1960 1345 2025 futuri?

141 2061 210 2146 Ego
224 2082 301 2126 vero
315 2073 436 2146 metuo,
452 2063 479 2124 si
496 2063 555 2126 hoc
570 2073 713 2147 tempore
731 2063 869 2126 consilio
883 2063 963 2147 lapsi
984 2065 1114 2148 erimus,
1128 2084 1171 2127 ne
1187 2065 1235 2128 illi
1254 2066 1344 2127 brevi

140 2175 283 2251 tempore
301 2168 401 2230 nimis
422 2165 515 2229 multi
532 2166 625 2230 nobis
645 2185 716 2251 esse
731 2165 805 2229 vide
848 2177 925 2266 turp
955 2165 1029 2230 Nec
1044 2186 1104 2250 ego
1121 2188 1234 2252 pacem
1256 2169 1392 2252 nolo,10
1482 2185 1483 2254 }

142 2271 197 2334 sed
213 2273 300 2354 pacis
316 2271 449 2334 nomine
464 2267 582 2332 bellum
598 2252 779 2332 involutum
793 2186 974 2334 rhhhmido
1018 2271 1126 2359 Qare
1142 2273 1170 2334 si
1189 2291 1266 2356 pace
1281 2271 1344 2334 frui

96 2393 128 2429 ao
141 2373 299 2458 volumus,
322 2373 440 2436 bellum
462 2371 635 2456 gerendum
657 2381 728 2436 est:
749 2374 778 2435 si
799 2373 917 2438 bellum
939 2374 1133 2458 omittimus,
1154 2395 1231 2459 pace
1251 2394 1344 2438 num-

140 2495 237 2560 quam
263 2478 411 2540 fruemur.
456 2475 514 2538 Est
541 2485 649 2538 autem
673 2477 771 2538 vestri
799 2476 941 2560 consilii,
965 2487 1070 2560 patros
1094 2481 1279 2562 conscripti,
1306 2481 1380 2556 in¹7
1480 2563 1482 2582 Ι

141 2591 300 2664 posterum
320 2599 416 2663 quam
436 2579 623 2662 longissime
644 2578 817 2661 providere.
863 2578 986 2644 Idcirco
1006 2583 1042 2644 in
1063 2581 1122 2645 hac
1144 2583 1290 2647 custodia
1310 2591 1343 2646 et

173 2841 196 2893 6.
214 2845 298 2893 Plane
318 2852 344 2892 et
364 2845 471 2898 Latine.
489 2843 565 2906 ‘plain
576 2844 644 2892 Latin
652 2844 667 2899 ς’
678 2859 713 2906 cp.
765 2861 817 2909 way
829 2847 864 2894 for
883 2847 922 2895 the
933 2863 985 2896 new
996 2849 1099 2905 settlers3
1116 2864 1142 2896 so
1150 2864 1175 2896 aa
1187 2858 1213 2896 to
1223 2850 1276 2913 gain
1287 2864 1344 2898 orer

139 2909 203 2957 Verr.
216 2911 268 2958 Act,
281 2923 303 2958 a.
314 2923 338 2970 4.
349 2921 370 2964 ι,
385 2921 397 2956 a
415 2909 512 2956 ‘Latine
523 2925 561 2957 me
569 2910 659 2966 scitote.
667 2921 714 2957 non
764 2912 913 2972 desperadoea
924 2915 952 2960 of
960 2914 989 2961 all
1000 2915 1087 2962 clatra.
1122 2915 1227 2962 Muretus
1239 2925 1342 2980 ruggerta

139 2977 279 3024 accusatorie
290 2974 370 3036 loqui.'
766 2983 875 3038 ‘quaeret
894 2979 951 3026 urbe
968 2980 1085 3040 expulaoc'
1102 2997 1127 3028 aa
1141 2979 1180 3028 the
1194 2981 1341 3042 explanation

175 3042 326 3104 Myrmillo.
360 3039 401 3088 soe
413 3051 436 3100 3.
452 3051 488 3096 ta.
501 3051 530 3101 31
545 3050 609 3089 note.
765 3041 793 3090 of
801 3041 841 3090 the
853 3043 952 3091 vatican
963 3045 1057 3110 reading
1068 3051 1142 3106 ‘quae
1158 3048 1235 3102 retur‚’
1246 3047 1287 3092 but
1300 3047 1341 3094 the

174 3115 196 3166 7.
215 3105 415 3159 Thraecidicis.
427 3105 499 3154 ‘witlr
517 3106 557 3154 the
577 3121 637 3154 armi
656 3106 685 3154 ol
702 3121 715 3152 a
765 3107 877 3170 ‘expulsi'
899 3125 937 3157 are
954 3111 1076 3171 obviously
1092 3111 1159 3158 thore
1175 3112 1230 3158 who
1247 3126 1285 3158 are
1302 3113 1342 3158 de·

140 3169 236 3225 Thrar.'
248 3171 288 3218 the
299 3171 502 3234 uaualantagonirt
510 3174 539 3219 os
542 3172 713 3234 thamyrmillo.
764 3173 843 3234 prired
856 3175 885 3221 of
896 3174 956 3222 their
971 3185 1086 3238 property.
1120 3175 1174 3224 The
1189 3191 1241 3224 new
1252 3177 1341 3224 settlers

139 3233 181 3281 See
192 3231 217 3282 6.
229 3247 253 3295 5,
268 3247 305 3295 1³·
763 3239 840 3286 would
858 3241 887 3288 he
905 3239 970 3288 thore
991 3241 1126 3289 introduced
1143 3243 1176 3303 by
1198 3243 1238 3289 the
1260 3243 1340 3290 decree

172 3297 195 3346 8.
215 3299 402 3355 Luculentam,
413 3305 440 3346 ‘a
453 3301 538 3348 aerioua
549 3303 626 3350 hlow!
660 3301 713 3350 The
762 3305 841 3364 paaaed
853 3306 875 3352 in
887 3320 1043 3368 contoquenoe
1054 3307 1083 3354 of
1090 3307 1131 3354 the
1141 3306 1193 3354 titth
1207 3307 1306 3356 oration

139 3364 301 3477 gppemppgps
312 3365 425 3490 Zoipppld‘
435 3365 507 3490 tplrep
517 3367 578 3478 {¹⁰:¹²
588 3367 713 3479 &⁸¹3⁰ss
795 3367 836 3482 pig.
850 3372 891 3420 Ad
910 3381 1013 3429 nutum.
1031 3379 1072 3419 ‘to
1087 3373 1149 3434 obey
1160 3375 1257 3435 Antony
1272 3373 1340 3422 with·

302 3443 352 3476 r.
425 3437 580 3484 ....¹
641 3447 712 3480 mrum
763 3450 794 3482 ou
834 3435 915 3484 emur!

138 3495 252 3542 luculente
262 3493 396 3542 calefecerat
409 3495 550 3542 Memmius:
798 3513 835 3560 1o.
849 3501 1014 3549 involutum.
1041 3502 1149 3550 Sollalm
1158 3504 1218 3551 from
1230 3503 1271 3551 the
1281 3503 1339 3551 later

171 3574 195 3624 9.
215 3559 463 3617 Familiaremsttus
482 3561 613 3618 comrade?
637 3561 712 3624 epti.
763 3565 837 3622 MSS..
849 3567 1075 3628 andacompariron
1087 3569 1169 3616 witha
1186 3569 1302 3632 fragment
1314 3571 1343 3616 of

138 3626 182 3674 l.c.
763 3647 777 3678 a
794 3631 861 3679 letter
878 3641 903 3680 to
919 3631 1040 3689 Octavian,
1062 3634 1092 3680 ad
1112 3634 1178 3682 Gaea.
1198 3635 1248 3682 lun
1266 3635 1338 3696 Epiat.

174 3703 211 3738 to.
230 3691 324 3740 Animi
345 3707 432 3748 causa.
453 3698 582 3742 ‘toamuae
599 3693 712 3752 himselfr'
767 3709 786 3744 ι.
810 3699 870 3761 ir.9
893 3697 950 3744 ‘Sed
970 3699 1034 3758 quod
1053 3699 1141 3746 videret
1158 3701 1255 3747 nomine
1275 3699 1338 3762 pacis

138 3771 173 3817 ep.
186 3757 251 3804 Pam.
268 3763 291 3816 7.
309 3769 357 3816 a.3
372 3759 431 3805 ‘liic
448 3758 550 3806 aimiolur
560 3760 632 3807 animi
643 3775 712 3808 cauca
762 3761 848 3810 bellum
864 3764 992 3811 involutum
1007 3763 1072 3812 fore!
1106 3763 1159 3812 The
1170 3765 1268 3814 Vatican
1286 3765 1337 3813 MS.

138 3837 183 3878 me,
195 3823 219 3868 in
230 3835 299 3882 quem
310 3821 461 3880 inveheretur.
472 3825 601 3890 delegerat’
762 3827 803 3874 har
815 3829 981 3884 ‘nouolutum'
992 3829 1087 3877 whence
1095 3830 1200 3877 Muretus
1217 3831 1338 3894 suggested

174 3899 211 3936 11.
230 3888 399 3942 Decuriahit.
420 3889 499 3950 ‘plaoe
515 3905 546 3938 on
563 3890 604 3938 the
620 3891 712 3952 judicia]
762 3893 802 3940 the
812 3907 922 3941 common
939 3893 1033 3960 reading
1050 3896 1218 3950 ‘obvolutum‘
1236 3911 1261 3943 aa
1277 3897 1337 3944 ina.

137 3952 228 4002 bench!
261 3951 372 4008 sient.
388 3966 416 4016 ¹9
427 3964 491 4003 note.
764 3970 803 4020 31,
817 3967 855 4020 77.

175 4032 211 4066 ta.
225 4019 394 4067 Sollicitabit
407 4020 538 4082 agrarioa.
550 4025 602 4083 ‘try
612 4030 711 4069 torouae
797 4035 835 4072 at.
849 4024 894 4072 Eat
908 4027 991 4075 vestri
1006 4028 1129 4082 consilii,
1141 4033 1210 4089 'your
1219 4025 1338 4074 character

137 4084 205 4132 those
215 4083 269 4130 who
280 4098 319 4130 are
335 4083 436 4130 deriroua
446 4085 476 4131 of
483 4082 535 4131 land
544 4084 559 4140 ;’
575 4101 610 4148 cp.
622 4086 676 4134 Cat.
687 4101 712 4148 4.
761 4088 798 4135 for
807 4089 922 4150 prudence
932 4092 987 4139 calls
999 4107 1060 4153 upon
1071 4091 1134 4154 you!

140 4162 162 4205 a.
173 4164 190 4211 4
201 4150 243 4198 ¹0.
257 4147 382 4206 Gracchus,
397 4150 460 4210 quod
478 4151 580 4212 agrarios
596 4151 711 4199 concitare
796 4165 833 4201 aa.
854 4155 884 4201 ln
903 4155 954 4202 hac
967 4159 1100 4213 custodia.
1113 4162 1164 4213 ac..
1176 4157 1213 4204 ‘ln
1225 4157 1269 4206 thir
1284 4165 1337 4218 port

137 4223 232 4262 oonatua
243 4215 293 4262 ert!
762 4217 790 4263 of
809 4219 978 4281 guardiamhip,
1001 4222 1047 4268 thia
1074 4223 1242 4278 warch-ruwet,
1265 4239 1290 4270 as
1317 4223 1337 4271 it

172 4281 308 4340 Queretur
328 4280 464 4340 expulsor.
484 4275 597 4324 'bemoin
620 4277 660 4324 the
677 4279 711 4326 lot
762 4281 837 4326 were!
870 4281 908 4328 To
920 4286 1050 4333 'cuatodia'
1067 4303 1165 4336 anawerr
1183 4289 1277 4352 ‘vigilia
1285 4288 1299 4345 ;’
1311 4297 1337 4336 to

137 4343 165 4388 of
181 4343 249 4390 thore
272 4344 326 4391 who
348 4345 396 4390 lore
418 4343 478 4391 their
496 4342 574 4394 lande:
594 4349 620 4388 to
642 4341 711 4386 make
762 4343 1079 4406 ‘specula'¹proapicientia.'
