<?xml version="1.0" encoding="UTF-8"?>
<!DOCTYPE html PUBLIC "-//W3C//DTD XHTML 1.0 Transitional//EN"
    "http://www.w3.org/TR/xhtml1/DTD/xhtml1-transitional.dtd">
<html xmlns="http://www.w3.org/1999/xhtml" xml:lang="en" lang="en">
 <head>
  <title>
</title>
<meta http-equiv="Content-Type" content="text/html;charset=utf-8" />
  <meta name='ocr-system' content='tesseract 3.04.00' />
  <meta name='ocr-capabilities' content='ocr_page ocr_carea ocr_par ocr_line ocrx_word'/>
</head>
<body>
  <div class='ocr_page' id='page_1' title='image "./philippicoratio02cicegoog_0290.png"; bbox 0 0 2998 4706; ppageno 0'>
   <div class='ocr_carea' id='block_1_1' title="bbox 122 329 1322 414">
    <p class='ocr_par' dir='ltr' id='par_1_1' title="bbox 122 329 1322 414">
     <span class='ocr_line' id='line_1_1' title="bbox 122 329 1322 414; baseline 0.01 -30"><span class='ocrx_word' id='word_1_1' title='bbox 122 343 151 398; x_wconf 71' lang='lat' dir='ltr'>ss</span> <span class='ocrx_word' id='word_1_2' title='bbox 169 340 274 386; x_wconf 81' lang='lat' dir='ltr'>u-lu.</span> <span class='ocrx_word' id='word_1_3' title='bbox 436 329 608 390; x_wconf 79' lang='lat' dir='ltr'><em>ORATIO</em></span> <span class='ocrx_word' id='word_1_4' title='bbox 636 329 913 390; x_wconf 80' lang='lat' dir='ltr'><em>PHILIPPICA</em></span> <span class='ocrx_word' id='word_1_5' title='bbox 940 330 1023 390; x_wconf 85' lang='lat' dir='ltr'><em>IIII.</em></span> <span class='ocrx_word' id='word_1_6' title='bbox 1259 345 1322 414; x_wconf 82' lang='lat'>275</span> 
     </span>
    </p>
   </div>
   <div class='ocr_carea' id='block_1_2' title="bbox 12 487 1369 2738">
    <p class='ocr_par' dir='ltr' id='par_1_2' title="bbox 58 487 1369 1710">
     <span class='ocr_line' id='line_1_2' title="bbox 122 487 1322 573; baseline 0.005 -23"><span class='ocrx_word' id='word_1_7' title='bbox 122 488 265 572; x_wconf 85' lang='lat' dir='ltr'>profusus</span> <span class='ocrx_word' id='word_1_8' title='bbox 279 490 408 571; x_wconf 87' lang='lat' dir='ltr'>sanguis</span> <span class='ocrx_word' id='word_1_9' title='bbox 424 488 558 571; x_wconf 85' lang='lat' dir='ltr'>eluatur,</span> <span class='ocrx_word' id='word_1_10' title='bbox 574 506 651 550; x_wconf 93' lang='lat' dir='ltr'>num</span> <span class='ocrx_word' id='word_1_11' title='bbox 667 488 730 551; x_wconf 91' lang='lat' dir='ltr'>elui</span> <span class='ocrx_word' id='word_1_12' title='bbox 753 487 950 571; x_wconf 85' lang='lat' dir='ltr'>praedicatio</span> <span class='ocrx_word' id='word_1_13' title='bbox 969 489 1170 554; x_wconf 85' lang='lat' dir='ltr'>crudelitatis</span> <span class='ocrx_word' id='word_1_14' title='bbox 1191 493 1322 573; x_wconf 86' lang='lat' dir='ltr'>potest?</span> 
     </span>
     <span class='ocr_line' id='line_1_3' title="bbox 121 589 1322 677; baseline 0.002 -21"><span class='ocrx_word' id='word_1_15' title='bbox 121 591 172 657; x_wconf 91' lang='lat' dir='ltr'>Ut</span> <span class='ocrx_word' id='word_1_16' title='bbox 209 589 316 654; x_wconf 90' lang='lat' dir='ltr'>media</span> <span class='ocrx_word' id='word_1_17' title='bbox 351 599 560 676; x_wconf 84' lang='lat' dir='ltr'>praeteream,</span> <span class='ocrx_word' id='word_1_18' title='bbox 595 608 676 673; x_wconf 89' lang='lat' dir='ltr'>quae</span> <span class='ocrx_word' id='word_1_19' title='bbox 713 599 855 654; x_wconf 82' lang='lat' dir='ltr'>vetustas</span> <span class='ocrx_word' id='word_1_20' title='bbox 895 590 988 655; x_wconf 90' lang='lat' dir='ltr'>tollet</span> <span class='ocrx_word' id='word_1_21' title='bbox 1028 610 1159 677; x_wconf 90' lang='lat' dir='ltr'>operum</span> <span class='ocrx_word' id='word_1_22' title='bbox 1200 595 1322 658; x_wconf 89' lang='lat' dir='ltr'>circum</span> 
     </span>
     <span class='ocr_line' id='line_1_4' title="bbox 122 693 1322 779; baseline 0.004 -23"><span class='ocrx_word' id='word_1_23' title='bbox 122 693 289 758; x_wconf 86' lang='lat' dir='ltr'><strong>Mutinam</strong></span> <span class='ocrx_word' id='word_1_24' title='bbox 319 704 422 758; x_wconf 89' lang='lat' dir='ltr'>taetra</span> <span class='ocrx_word' id='word_1_25' title='bbox 452 695 664 778; x_wconf 89' lang='lat' dir='ltr'>monimenta,</span> <span class='ocrx_word' id='word_1_26' title='bbox 690 694 820 758; x_wconf 87' lang='lat' dir='ltr'>sceleris</span> <span class='ocrx_word' id='word_1_27' title='bbox 848 693 971 758; x_wconf 88' lang='lat' dir='ltr'>indicia</span> <span class='ocrx_word' id='word_1_28' title='bbox 999 695 1224 779; x_wconf 88' lang='lat' dir='ltr'>latrociniique</span> <span class='ocrx_word' id='word_1_29' title='bbox 1251 717 1322 762; x_wconf 90' lang='lat' dir='ltr'>ves·</span> 
     </span>
     <span class='ocr_line' id='line_1_5' title="bbox 58 798 1322 884; baseline 0.003 -23"><span class='ocrx_word' id='word_1_30' title='bbox 58 830 105 876; x_wconf 76' lang='lat'>18</span> <span class='ocrx_word' id='word_1_31' title='bbox 121 798 232 880; x_wconf 85' lang='lat' dir='ltr'>tigia?</span> <span class='ocrx_word' id='word_1_32' title='bbox 282 798 371 862; x_wconf 89' lang='lat' dir='ltr'>Huic</span> <span class='ocrx_word' id='word_1_33' title='bbox 402 798 501 880; x_wconf 84' lang='lat' dir='ltr'>igitur</span> <span class='ocrx_word' id='word_1_34' title='bbox 530 801 714 881; x_wconf 90' lang='lat' dir='ltr'>importuno</span> <span class='ocrx_word' id='word_1_35' title='bbox 749 807 845 879; x_wconf 87' lang='lat' dir='ltr'>atque</span> <span class='ocrx_word' id='word_1_36' title='bbox 878 798 1002 881; x_wconf 89' lang='lat' dir='ltr'>impuro</span> <span class='ocrx_word' id='word_1_37' title='bbox 1038 799 1215 883; x_wconf 85' lang='lat' dir='ltr'>parricidae</span> <span class='ocrx_word' id='word_1_38' title='bbox 1245 801 1322 884; x_wconf 93' lang='lat' dir='ltr'>quid</span> 
     </span>
     <span class='ocr_line' id='line_1_6' title="bbox 121 898 1350 986; baseline 0.006 -22"><span class='ocrx_word' id='word_1_39' title='bbox 121 901 287 985; x_wconf 89' lang='lat' dir='ltr'>habemus,</span> <span class='ocrx_word' id='word_1_40' title='bbox 310 921 366 986; x_wconf 92' lang='lat' dir='ltr'>per</span> <span class='ocrx_word' id='word_1_41' title='bbox 385 903 462 966; x_wconf 89' lang='lat' dir='ltr'>deos</span> <span class='ocrx_word' id='word_1_42' title='bbox 486 899 703 965; x_wconf 91' lang='lat' dir='ltr'>immortales!</span> <span class='ocrx_word' id='word_1_43' title='bbox 729 898 813 982; x_wconf 92' lang='lat' dir='ltr'>quod</span> <span class='ocrx_word' id='word_1_44' title='bbox 836 898 1059 965; x_wconf 85' lang='lat' dir='ltr'>remittamus?</span> <span class='ocrx_word' id='word_1_45' title='bbox 1103 902 1157 965; x_wconf 86' lang='lat' dir='ltr'>An</span> <span class='ocrx_word' id='word_1_46' title='bbox 1177 902 1350 971; x_wconf 77' lang='lat' dir='ltr'>Galliame</span> 
     </span>
     <span class='ocr_line' id='line_1_7' title="bbox 121 1002 1322 1091; baseline 0.002 -23"><span class='ocrx_word' id='word_1_47' title='bbox 121 1005 272 1068; x_wconf 88' lang='lat' dir='ltr'>ultimam</span> <span class='ocrx_word' id='word_1_48' title='bbox 302 1014 335 1069; x_wconf 92' lang='lat' dir='ltr'>et</span> <span class='ocrx_word' id='word_1_49' title='bbox 365 1006 568 1069; x_wconf 84' lang='lat' dir='ltr'>exercitum?</span> <span class='ocrx_word' id='word_1_50' title='bbox 596 1003 673 1087; x_wconf 90' lang='lat' dir='ltr'>quid</span> <span class='ocrx_word' id='word_1_51' title='bbox 697 1013 747 1066; x_wconf 90' lang='lat' dir='ltr'>est</span> <span class='ocrx_word' id='word_1_52' title='bbox 773 1002 859 1067; x_wconf 92' lang='lat' dir='ltr'>aliud</span> <span class='ocrx_word' id='word_1_53' title='bbox 887 1023 953 1068; x_wconf 89' lang='lat' dir='ltr'>non</span> <span class='ocrx_word' id='word_1_54' title='bbox 984 1023 1095 1088; x_wconf 82' lang='lat' dir='ltr'>pacem</span> <span class='ocrx_word' id='word_1_55' title='bbox 1124 1003 1241 1091; x_wconf 86' lang='lat' dir='ltr'>facere,</span> <span class='ocrx_word' id='word_1_56' title='bbox 1266 1007 1322 1070; x_wconf 89' lang='lat' dir='ltr'>sed</span> 
     </span>
     <span class='ocr_line' id='line_1_8' title="bbox 120 1105 1322 1192; baseline 0.002 -23"><span class='ocrx_word' id='word_1_57' title='bbox 120 1107 253 1170; x_wconf 85' lang='lat' dir='ltr'>differre</span> <span class='ocrx_word' id='word_1_58' title='bbox 281 1108 427 1172; x_wconf 82' lang='lat' dir='ltr'>bellum?</span> <span class='ocrx_word' id='word_1_59' title='bbox 463 1127 523 1171; x_wconf 89' lang='lat' dir='ltr'>nec</span> <span class='ocrx_word' id='word_1_60' title='bbox 555 1107 658 1171; x_wconf 92' lang='lat' dir='ltr'>solum</span> <span class='ocrx_word' id='word_1_61' title='bbox 695 1126 867 1192; x_wconf 85' lang='lat' dir='ltr'>propagare</span> <span class='ocrx_word' id='word_1_62' title='bbox 897 1107 1029 1192; x_wconf 89' lang='lat' dir='ltr'>bellum,</span> <span class='ocrx_word' id='word_1_63' title='bbox 1058 1105 1119 1172; x_wconf 89' lang='lat' dir='ltr'>sed</span> <span class='ocrx_word' id='word_1_64' title='bbox 1147 1108 1322 1173; x_wconf 86' lang='lat' dir='ltr'>concedere</span> 
     </span>
     <span class='ocr_line' id='line_1_9' title="bbox 122 1210 1321 1294; baseline 0.003 -21"><span class='ocrx_word' id='word_1_65' title='bbox 122 1213 223 1274; x_wconf 88' lang='lat' dir='ltr'>etiam</span> <span class='ocrx_word' id='word_1_66' title='bbox 243 1212 437 1276; x_wconf 84' lang='lat' dir='ltr'>victoriam?</span> <span class='ocrx_word' id='word_1_67' title='bbox 481 1211 535 1275; x_wconf 90' lang='lat' dir='ltr'>Ao</span> <span class='ocrx_word' id='word_1_68' title='bbox 558 1210 614 1273; x_wconf 93' lang='lat' dir='ltr'>ille</span> <span class='ocrx_word' id='word_1_69' title='bbox 635 1230 702 1275; x_wconf 90' lang='lat' dir='ltr'>non</span> <span class='ocrx_word' id='word_1_70' title='bbox 720 1211 849 1294; x_wconf 86' lang='lat' dir='ltr'>vicerit,</span> <span class='ocrx_word' id='word_1_71' title='bbox 867 1211 895 1273; x_wconf 90' lang='lat' dir='ltr'>si</span> <span class='ocrx_word' id='word_1_72' title='bbox 913 1229 1110 1294; x_wconf 90' lang='lat' dir='ltr'>quacumque</span> <span class='ocrx_word' id='word_1_73' title='bbox 1134 1213 1321 1276; x_wconf 89' lang='lat' dir='ltr'>conditione</span> 
     </span>
     <span class='ocr_line' id='line_1_10' title="bbox 124 1313 1322 1398; baseline 0.003 -22"><span class='ocrx_word' id='word_1_74' title='bbox 124 1315 159 1376; x_wconf 93' lang='lat' dir='ltr'>in</span> <span class='ocrx_word' id='word_1_75' title='bbox 180 1315 264 1377; x_wconf 91' lang='lat' dir='ltr'>hanc</span> <span class='ocrx_word' id='word_1_76' title='bbox 283 1314 393 1377; x_wconf 91' lang='lat' dir='ltr'>urbem</span> <span class='ocrx_word' id='word_1_77' title='bbox 416 1335 490 1378; x_wconf 90' lang='lat' dir='ltr'>cum</span> <span class='ocrx_word' id='word_1_78' title='bbox 510 1315 576 1378; x_wconf 88' lang='lat' dir='ltr'>suis</span> <span class='ocrx_word' id='word_1_79' title='bbox 591 1314 742 1378; x_wconf 87' lang='lat' dir='ltr'>venerit?</span> <span class='ocrx_word' id='word_1_80' title='bbox 787 1313 896 1376; x_wconf 88' lang='lat' dir='ltr'>Armis</span> <span class='ocrx_word' id='word_1_81' title='bbox 917 1333 1002 1377; x_wconf 92' lang='lat' dir='ltr'>nunc</span> <span class='ocrx_word' id='word_1_82' title='bbox 1020 1316 1133 1377; x_wconf 84' lang='lat' dir='ltr'>omnia</span> <span class='ocrx_word' id='word_1_83' title='bbox 1152 1323 1322 1398; x_wconf 80' lang='lat' dir='ltr'>tenemus3</span> 
     </span>
     <span class='ocr_line' id='line_1_11' title="bbox 121 1417 1369 1504; baseline 0 -24"><span class='ocrx_word' id='word_1_84' title='bbox 121 1419 314 1481; x_wconf 85' lang='lat' dir='ltr'>auctoritate</span> <span class='ocrx_word' id='word_1_85' title='bbox 328 1417 471 1482; x_wconf 88' lang='lat' dir='ltr'>valemus</span> <span class='ocrx_word' id='word_1_86' title='bbox 491 1418 684 1500; x_wconf 87' lang='lat' dir='ltr'>plurimum;</span> <span class='ocrx_word' id='word_1_87' title='bbox 706 1417 821 1480; x_wconf 80' lang='lat' dir='ltr'>absunt</span> <span class='ocrx_word' id='word_1_88' title='bbox 836 1425 886 1481; x_wconf 90' lang='lat' dir='ltr'>tot</span> <span class='ocrx_word' id='word_1_89' title='bbox 906 1417 1024 1501; x_wconf 92' lang='lat' dir='ltr'>perditi</span> <span class='ocrx_word' id='word_1_90' title='bbox 1045 1418 1146 1504; x_wconf 88' lang='lat' dir='ltr'>cives,</span> <span class='ocrx_word' id='word_1_91' title='bbox 1163 1417 1322 1484; x_wconf 77' lang='lat' dir='ltr'>nefarium</span> <span class='ocrx_word' id='word_1_92' title='bbox 1337 1444 1369 1480; x_wconf 81' lang='grc' dir='ltr'>ιο</span> 
     </span>
     <span class='ocr_line' id='line_1_12' title="bbox 122 1519 1323 1604; baseline 0.002 -20"><span class='ocrx_word' id='word_1_93' title='bbox 122 1521 226 1584; x_wconf 88' lang='lat' dir='ltr'>secuti</span> <span class='ocrx_word' id='word_1_94' title='bbox 251 1519 389 1584; x_wconf 90' lang='lat' dir='ltr'>ducem:</span> <span class='ocrx_word' id='word_1_95' title='bbox 422 1530 533 1584; x_wconf 88' lang='lat' dir='ltr'>tamen</span> <span class='ocrx_word' id='word_1_96' title='bbox 559 1539 668 1583; x_wconf 90' lang='lat' dir='ltr'>eorum</span> <span class='ocrx_word' id='word_1_97' title='bbox 693 1539 750 1582; x_wconf 83' lang='lat' dir='ltr'>ora</span> <span class='ocrx_word' id='word_1_98' title='bbox 775 1539 1012 1604; x_wconf 83' lang='lat' dir='ltr'>sermonesque,</span> <span class='ocrx_word' id='word_1_99' title='bbox 1037 1522 1093 1604; x_wconf 92' lang='lat' dir='ltr'>qui</span> <span class='ocrx_word' id='word_1_100' title='bbox 1120 1522 1156 1585; x_wconf 92' lang='lat' dir='ltr'>in</span> <span class='ocrx_word' id='word_1_101' title='bbox 1181 1524 1257 1586; x_wconf 88' lang='lat' dir='ltr'>urbe</span> <span class='ocrx_word' id='word_1_102' title='bbox 1283 1543 1323 1586; x_wconf 86' lang='lat' dir='ltr'>ex</span> 
     </span>
     <span class='ocr_line' id='line_1_13' title="bbox 122 1621 1322 1710; baseline 0.004 -24"><span class='ocrx_word' id='word_1_103' title='bbox 122 1642 163 1686; x_wconf 94' lang='lat' dir='ltr'>eo</span> <span class='ocrx_word' id='word_1_104' title='bbox 194 1642 327 1687; x_wconf 91' lang='lat' dir='ltr'>nurnero</span> <span class='ocrx_word' id='word_1_105' title='bbox 355 1623 462 1688; x_wconf 86' lang='lat' dir='ltr'>relicti</span> <span class='ocrx_word' id='word_1_106' title='bbox 491 1633 580 1707; x_wconf 90' lang='lat' dir='ltr'>sunt,</span> <span class='ocrx_word' id='word_1_107' title='bbox 608 1621 690 1686; x_wconf 89' lang='lat' dir='ltr'>ferre</span> <span class='ocrx_word' id='word_1_108' title='bbox 721 1642 787 1686; x_wconf 92' lang='lat' dir='ltr'>non</span> <span class='ocrx_word' id='word_1_109' title='bbox 818 1641 992 1706; x_wconf 86' lang='lat' dir='ltr'>possumus.</span> <span class='ocrx_word' id='word_1_110' title='bbox 1037 1623 1128 1710; x_wconf 82' lang='lat' dir='ltr'>Qid</span> <span class='ocrx_word' id='word_1_111' title='bbox 1158 1627 1322 1692; x_wconf 84' lang='lat' dir='ltr'>censetis?</span> 
     </span>
    </p>

    <p class='ocr_par' dir='ltr' id='par_1_3' title="bbox 74 1715 1368 2431">
     <span class='ocr_line' id='line_1_14' title="bbox 74 1715 1323 1813; baseline 0.003 -25"><span class='ocrx_word' id='word_1_112' title='bbox 74 1715 77 1720; x_wconf 68' lang='grc'><strong>’</strong></span> <span class='ocrx_word' id='word_1_113' title='bbox 122 1745 196 1789; x_wconf 89' lang='lat' dir='ltr'>cum</span> <span class='ocrx_word' id='word_1_114' title='bbox 219 1735 268 1790; x_wconf 92' lang='lat' dir='ltr'>tot</span> <span class='ocrx_word' id='word_1_115' title='bbox 290 1747 355 1791; x_wconf 91' lang='lat' dir='ltr'>uno</span> <span class='ocrx_word' id='word_1_116' title='bbox 376 1737 521 1811; x_wconf 91' lang='lat' dir='ltr'>tempore</span> <span class='ocrx_word' id='word_1_117' title='bbox 545 1727 728 1810; x_wconf 89' lang='lat' dir='ltr'>irruperint,</span> <span class='ocrx_word' id='word_1_118' title='bbox 750 1745 809 1790; x_wconf 90' lang='lat' dir='ltr'>nos</span> <span class='ocrx_word' id='word_1_119' title='bbox 832 1746 923 1790; x_wconf 90' lang='lat' dir='ltr'>arma</span> <span class='ocrx_word' id='word_1_120' title='bbox 944 1729 1153 1813; x_wconf 82' lang='lat' dir='ltr'>posuerimus,</span> <span class='ocrx_word' id='word_1_121' title='bbox 1179 1729 1229 1790; x_wconf 91' lang='lat' dir='ltr'>illi</span> <span class='ocrx_word' id='word_1_122' title='bbox 1256 1748 1323 1792; x_wconf 91' lang='lat' dir='ltr'>noo</span> 
     </span>
     <span class='ocr_line' id='line_1_15' title="bbox 122 1827 1323 1916; baseline 0.002 -24"><span class='ocrx_word' id='word_1_123' title='bbox 122 1827 340 1915; x_wconf 86' lang='lat' dir='ltr'>deposuerint,</span> <span class='ocrx_word' id='word_1_124' title='bbox 355 1849 465 1894; x_wconf 91' lang='lat' dir='ltr'>nonne</span> <span class='ocrx_word' id='word_1_125' title='bbox 480 1849 539 1894; x_wconf 90' lang='lat' dir='ltr'>nos</span> <span class='ocrx_word' id='word_1_126' title='bbox 560 1829 678 1893; x_wconf 89' lang='lat' dir='ltr'>nostris</span> <span class='ocrx_word' id='word_1_127' title='bbox 690 1829 838 1892; x_wconf 91' lang='lat' dir='ltr'>consiliis</span> <span class='ocrx_word' id='word_1_128' title='bbox 854 1829 959 1893; x_wconf 90' lang='lat' dir='ltr'>victos</span> <span class='ocrx_word' id='word_1_129' title='bbox 974 1831 1009 1893; x_wconf 92' lang='lat' dir='ltr'>in</span> <span class='ocrx_word' id='word_1_130' title='bbox 1028 1841 1215 1916; x_wconf 89' lang='lat' dir='ltr'>perpetuum</span> <span class='ocrx_word' id='word_1_131' title='bbox 1229 1827 1323 1896; x_wconf 76' lang='lat' dir='ltr'>fore?</span> 
     </span>
     <span class='ocr_line' id='line_1_16' title="bbox 81 1931 1368 2020; baseline 0.001 -25"><span class='ocrx_word' id='word_1_132' title='bbox 81 1931 240 2020; x_wconf 68' lang='lat' dir='ltr'>„Ponite</span> <span class='ocrx_word' id='word_1_133' title='bbox 265 1944 341 1996; x_wconf 91' lang='lat' dir='ltr'>ante</span> <span class='ocrx_word' id='word_1_134' title='bbox 366 1933 474 1996; x_wconf 89' lang='lat' dir='ltr'>oculos</span> <span class='ocrx_word' id='word_1_135' title='bbox 499 1931 549 1996; x_wconf 91' lang='lat' dir='ltr'>M.</span> <span class='ocrx_word' id='word_1_136' title='bbox 575 1933 757 1996; x_wconf 86' lang='lat' dir='ltr'>Antonium</span> <span class='ocrx_word' id='word_1_137' title='bbox 782 1933 1015 2016; x_wconf 74' lang='lat' dir='ltr'>consularem„</span> <span class='ocrx_word' id='word_1_138' title='bbox 1033 1943 1217 2018; x_wconf 88' lang='lat' dir='ltr'>sperantem</span> <span class='ocrx_word' id='word_1_139' title='bbox 1247 1954 1324 1998; x_wconf 89' lang='lat' dir='ltr'>con-</span> <span class='ocrx_word' id='word_1_140' title='bbox 1340 1953 1368 2008; x_wconf 82' lang='lat'>¹⁵</span> 
     </span>
     <span class='ocr_line' id='line_1_17' title="bbox 123 2035 1321 2121; baseline -0.001 -21"><span class='ocrx_word' id='word_1_141' title='bbox 123 2036 261 2100; x_wconf 80' lang='lat' dir='ltr'>sulamm</span> <span class='ocrx_word' id='word_1_142' title='bbox 303 2035 439 2100; x_wconf 91' lang='lat' dir='ltr'>Lucium</span> <span class='ocrx_word' id='word_1_143' title='bbox 476 2035 669 2118; x_wconf 86' lang='lat' dir='ltr'>adiungite;</span> <span class='ocrx_word' id='word_1_144' title='bbox 713 2035 856 2119; x_wconf 89' lang='lat' dir='ltr'>supplete</span> <span class='ocrx_word' id='word_1_145' title='bbox 900 2045 1035 2121; x_wconf 89' lang='lat' dir='ltr'>ceteros,</span> <span class='ocrx_word' id='word_1_146' title='bbox 1071 2057 1173 2121; x_wconf 86' lang='lat' dir='ltr'>neque</span> <span class='ocrx_word' id='word_1_147' title='bbox 1218 2039 1321 2101; x_wconf 89' lang='lat' dir='ltr'>nostri</span> 
     </span>
     <span class='ocr_line' id='line_1_18' title="bbox 122 2138 1322 2224; baseline 0.002 -22"><span class='ocrx_word' id='word_1_148' title='bbox 122 2138 247 2203; x_wconf 90' lang='lat' dir='ltr'>ordinis</span> <span class='ocrx_word' id='word_1_149' title='bbox 267 2140 382 2224; x_wconf 88' lang='lat' dir='ltr'>solum,</span> <span class='ocrx_word' id='word_1_150' title='bbox 400 2140 536 2202; x_wconf 90' lang='lat' dir='ltr'>honores</span> <span class='ocrx_word' id='word_1_151' title='bbox 556 2147 589 2202; x_wconf 91' lang='lat' dir='ltr'>et</span> <span class='ocrx_word' id='word_1_152' title='bbox 605 2139 740 2222; x_wconf 88' lang='lat' dir='ltr'>imperia</span> <span class='ocrx_word' id='word_1_153' title='bbox 761 2140 980 2222; x_wconf 70' lang='lat' dir='ltr'>meditantes,</span> <span class='ocrx_word' id='word_1_154' title='bbox 1001 2141 1105 2204; x_wconf 91' lang='lat' dir='ltr'>nolite</span> <span class='ocrx_word' id='word_1_155' title='bbox 1125 2160 1167 2204; x_wconf 92' lang='lat' dir='ltr'>ne</span> <span class='ocrx_word' id='word_1_156' title='bbox 1182 2141 1322 2204; x_wconf 89' lang='lat' dir='ltr'>Tirones</span> 
     </span>
     <span class='ocr_line' id='line_1_19' title="bbox 122 2239 1323 2326; baseline 0.002 -22"><span class='ocrx_word' id='word_1_157' title='bbox 122 2242 265 2326; x_wconf 88' lang='lat' dir='ltr'>quidem,</span> <span class='ocrx_word' id='word_1_158' title='bbox 289 2241 472 2326; x_wconf 88' lang='lat' dir='ltr'>Numisios,</span> <span class='ocrx_word' id='word_1_159' title='bbox 494 2239 665 2325; x_wconf 84' lang='lat' dir='ltr'>Mustelas,</span> <span class='ocrx_word' id='word_1_160' title='bbox 686 2241 778 2306; x_wconf 85' lang='lat' dir='ltr'>Seios</span> <span class='ocrx_word' id='word_1_161' title='bbox 802 2251 1019 2306; x_wconf 88' lang='lat' dir='ltr'>contemnere.</span> <span class='ocrx_word' id='word_1_162' title='bbox 1063 2243 1149 2308; x_wconf 90' lang='lat' dir='ltr'>Cum</span> <span class='ocrx_word' id='word_1_163' title='bbox 1172 2245 1214 2306; x_wconf 90' lang='lat' dir='ltr'>iis</span> <span class='ocrx_word' id='word_1_164' title='bbox 1237 2244 1323 2307; x_wconf 83' lang='lat' dir='ltr'>facta</span> 
     </span>
     <span class='ocr_line' id='line_1_20' title="bbox 124 2344 1322 2431; baseline 0.001 -24"><span class='ocrx_word' id='word_1_165' title='bbox 124 2365 185 2429; x_wconf 84' lang='lat' dir='ltr'>pax</span> <span class='ocrx_word' id='word_1_166' title='bbox 211 2363 278 2407; x_wconf 91' lang='lat' dir='ltr'>nou</span> <span class='ocrx_word' id='word_1_167' title='bbox 302 2345 363 2409; x_wconf 91' lang='lat' dir='ltr'>erit</span> <span class='ocrx_word' id='word_1_168' title='bbox 388 2365 459 2429; x_wconf 87' lang='lat' dir='ltr'>pax,</span> <span class='ocrx_word' id='word_1_169' title='bbox 482 2344 538 2408; x_wconf 89' lang='lat' dir='ltr'>scd</span> <span class='ocrx_word' id='word_1_170' title='bbox 561 2345 670 2428; x_wconf 86' lang='lat' dir='ltr'>pactio</span> <span class='ocrx_word' id='word_1_171' title='bbox 690 2346 864 2409; x_wconf 84' lang='lat' dir='ltr'>servitutis.</span> <span class='ocrx_word' id='word_1_172' title='bbox 909 2345 947 2409; x_wconf 92' lang='lat' dir='ltr'>L.</span> <span class='ocrx_word' id='word_1_173' title='bbox 970 2344 1107 2430; x_wconf 87' lang='lat' dir='ltr'>Pisonis,</span> <span class='ocrx_word' id='word_1_174' title='bbox 1130 2346 1322 2431; x_wconf 84' lang='lat' dir='ltr'>amplissimi</span> 
     </span>
    </p>

    <p class='ocr_par' dir='ltr' id='par_1_4' title="bbox 12 2447 1369 2738">
     <span class='ocr_line' id='line_1_21' title="bbox 125 2447 1369 2532; baseline -0.002 -22"><span class='ocrx_word' id='word_1_175' title='bbox 125 2449 200 2531; x_wconf 88' lang='lat' dir='ltr'>viri,</span> <span class='ocrx_word' id='word_1_176' title='bbox 227 2447 388 2532; x_wconf 85' lang='lat' dir='ltr'>praeclara</span> <span class='ocrx_word' id='word_1_177' title='bbox 413 2467 475 2511; x_wconf 83' lang='lat' dir='ltr'>vox</span> <span class='ocrx_word' id='word_1_178' title='bbox 500 2456 578 2511; x_wconf 87' lang='lat' dir='ltr'>ate</span> <span class='ocrx_word' id='word_1_179' title='bbox 604 2467 671 2512; x_wconf 92' lang='lat' dir='ltr'>non</span> <span class='ocrx_word' id='word_1_180' title='bbox 696 2448 800 2512; x_wconf 92' lang='lat' dir='ltr'>solum</span> <span class='ocrx_word' id='word_1_181' title='bbox 830 2450 866 2511; x_wconf 90' lang='lat' dir='ltr'>in</span> <span class='ocrx_word' id='word_1_182' title='bbox 891 2448 952 2512; x_wconf 90' lang='lat' dir='ltr'>hoc</span> <span class='ocrx_word' id='word_1_183' title='bbox 981 2450 1106 2532; x_wconf 91' lang='lat' dir='ltr'>ordine,</span> <span class='ocrx_word' id='word_1_184' title='bbox 1129 2448 1244 2532; x_wconf 89' lang='lat' dir='ltr'>Pansa,</span> <span class='ocrx_word' id='word_1_185' title='bbox 1268 2451 1322 2514; x_wconf 86' lang='lat' dir='ltr'>sed</span> <span class='ocrx_word' id='word_1_186' title='bbox 1338 2469 1369 2507; x_wconf 71' lang='grc' dir='ltr'>ιο</span> 
     </span>
     <span class='ocr_line' id='line_1_22' title="bbox 124 2549 1324 2618; baseline 0.003 -4"><span class='ocrx_word' id='word_1_187' title='bbox 124 2551 225 2614; x_wconf 87' lang='lat' dir='ltr'>etiam</span> <span class='ocrx_word' id='word_1_188' title='bbox 254 2551 292 2613; x_wconf 91' lang='lat' dir='ltr'>in</span> <span class='ocrx_word' id='word_1_189' title='bbox 320 2552 474 2615; x_wconf 91' lang='lat' dir='ltr'>contione</span> <span class='ocrx_word' id='word_1_190' title='bbox 504 2553 572 2614; x_wconf 90' lang='lat' dir='ltr'>iure</span> <span class='ocrx_word' id='word_1_191' title='bbox 599 2549 727 2614; x_wconf 84' lang='lat' dir='ltr'>laudata</span> <span class='ocrx_word' id='word_1_192' title='bbox 752 2560 810 2615; x_wconf 91' lang='lat' dir='ltr'>est.</span> <span class='ocrx_word' id='word_1_193' title='bbox 866 2549 1073 2615; x_wconf 83' lang='lat' dir='ltr'>Excessumm</span> <span class='ocrx_word' id='word_1_194' title='bbox 1102 2571 1137 2616; x_wconf 89' lang='lat' dir='ltr'>se</span> <span class='ocrx_word' id='word_1_195' title='bbox 1163 2571 1202 2614; x_wconf 80' lang='lat' dir='ltr'>ex</span> <span class='ocrx_word' id='word_1_196' title='bbox 1228 2551 1324 2618; x_wconf 88' lang='lat' dir='ltr'>Italia</span> 
     </span>
     <span class='ocr_line' id='line_1_23' title="bbox 12 2653 1322 2738; baseline 0.002 -22"><span class='ocrx_word' id='word_1_197' title='bbox 12 2655 14 2692; x_wconf 52' lang='grc' dir='ltr'>ἓ</span> <span class='ocrx_word' id='word_1_198' title='bbox 123 2653 219 2737; x_wconf 88' lang='lat' dir='ltr'>dixit,</span> <span class='ocrx_word' id='word_1_199' title='bbox 249 2654 326 2717; x_wconf 91' lang='lat' dir='ltr'>deos</span> <span class='ocrx_word' id='word_1_200' title='bbox 362 2664 495 2738; x_wconf 91' lang='lat' dir='ltr'>penates</span> <span class='ocrx_word' id='word_1_201' title='bbox 530 2663 563 2716; x_wconf 90' lang='lat' dir='ltr'>et</span> <span class='ocrx_word' id='word_1_202' title='bbox 592 2653 682 2716; x_wconf 87' lang='lat' dir='ltr'>sedes</span> <span class='ocrx_word' id='word_1_203' title='bbox 718 2655 839 2737; x_wconf 89' lang='lat' dir='ltr'>patrias</span> <span class='ocrx_word' id='word_1_204' title='bbox 872 2654 1069 2734; x_wconf 89' lang='lat' dir='ltr'>relicturum,</span> <span class='ocrx_word' id='word_1_205' title='bbox 1098 2655 1254 2738; x_wconf 89' lang='lat' dir='ltr'>si-quod</span> <span class='ocrx_word' id='word_1_206' title='bbox 1289 2655 1322 2718; x_wconf 94' lang='lat' dir='ltr'>di</span> 
     </span>
    </p>
   </div>
   <div class='ocr_carea' id='block_1_3' title="bbox 79 2756 1324 2846">
    <p class='ocr_par' dir='ltr' id='par_1_5' title="bbox 79 2756 1324 2846">
     <span class='ocr_line' id='line_1_24' title="bbox 79 2756 1324 2846; baseline 0.002 -26"><span class='ocrx_word' id='word_1_207' title='bbox 79 2764 221 2832; x_wconf 69' lang='lat' dir='ltr'>&#39;Iomen</span> <span class='ocrx_word' id='word_1_208' title='bbox 243 2758 419 2820; x_wconf 89' lang='lat' dir='ltr'>averterint</span> <span class='ocrx_word' id='word_1_209' title='bbox 430 2757 550 2821; x_wconf 87' lang='lat' dir='ltr'>l-rem</span> <span class='ocrx_word' id='word_1_210' title='bbox 573 2756 733 2839; x_wconf 89' lang='lat' dir='ltr'>publicam</span> <span class='ocrx_word' id='word_1_211' title='bbox 753 2757 961 2839; x_wconf 90' lang='lat' dir='ltr'>oppressisset</span> <span class='ocrx_word' id='word_1_212' title='bbox 977 2757 1148 2821; x_wconf 89' lang='lat' dir='ltr'>Antonius.</span> <span class='ocrx_word' id='word_1_213' title='bbox 1193 2758 1324 2846; x_wconf 80' lang='lat' dir='ltr'>Qaero</span> 
     </span>
    </p>
   </div>
   <div class='ocr_carea' id='block_1_4' title="bbox 124 2911 1327 4453">
    <p class='ocr_par' dir='ltr' id='par_1_6' title="bbox 124 2911 1327 3234">
     <span class='ocr_line' id='line_1_25' title="bbox 159 2911 1327 2978; baseline 0.002 -16"><span class='ocrx_word' id='word_1_214' title='bbox 159 2927 181 2964; x_wconf 83' lang='lat' dir='ltr'>r.</span> <span class='ocrx_word' id='word_1_215' title='bbox 195 2913 321 2962; x_wconf 81' lang='lat' dir='ltr'>Prolusus</span> <span class='ocrx_word' id='word_1_216' title='bbox 333 2915 452 2978; x_wconf 78' lang='lat' dir='ltr'>sanguis.</span> <span class='ocrx_word' id='word_1_217' title='bbox 485 2912 527 2960; x_wconf 83' lang='lat' dir='ltr'>See</span> <span class='ocrx_word' id='word_1_218' title='bbox 538 2922 561 2971; x_wconf 74' lang='lat'>3.</span> <span class='ocrx_word' id='word_1_219' title='bbox 575 2923 597 2966; x_wconf 85' lang='grc' dir='ltr'>ι.</span> <span class='ocrx_word' id='word_1_220' title='bbox 608 2923 625 2972; x_wconf 87' lang='grc'><strong>4</strong></span> <span class='ocrx_word' id='word_1_221' title='bbox 636 2919 699 2959; x_wconf 88' lang='lat' dir='ltr'>note.</span> <span class='ocrx_word' id='word_1_222' title='bbox 749 2911 804 2959; x_wconf 92' lang='lat' dir='ltr'>does</span> <span class='ocrx_word' id='word_1_223' title='bbox 820 2918 862 2960; x_wconf 83' lang='lat' dir='ltr'>not</span> <span class='ocrx_word' id='word_1_224' title='bbox 876 2926 945 2959; x_wconf 88' lang='lat' dir='ltr'>ooeur</span> <span class='ocrx_word' id='word_1_225' title='bbox 961 2913 1099 2968; x_wconf 76' lang='lat' dir='ltr'>elsewhere:</span> <span class='ocrx_word' id='word_1_226' title='bbox 1117 2914 1225 2962; x_wconf 91' lang='lat' dir='ltr'>nordoes</span> <span class='ocrx_word' id='word_1_227' title='bbox 1237 2915 1327 2964; x_wconf 79' lang='lat' dir='ltr'>rhetos</span> 
     </span>
     <span class='ocr_line' id='line_1_26' title="bbox 158 2973 1324 3042; baseline 0.003 -15"><span class='ocrx_word' id='word_1_228' title='bbox 158 2991 181 3038; x_wconf 74' lang='lat'>3.</span> <span class='ocrx_word' id='word_1_229' title='bbox 192 2978 293 3027; x_wconf 74' lang='lat' dir='ltr'>Taetrs</span> <span class='ocrx_word' id='word_1_230' title='bbox 304 2979 482 3034; x_wconf 77' lang='lat' dir='ltr'>monimenta,</span> <span class='ocrx_word' id='word_1_231' title='bbox 494 2976 601 3024; x_wconf 81' lang='lat' dir='ltr'>‘thelotrl</span> <span class='ocrx_word' id='word_1_232' title='bbox 609 2975 699 3024; x_wconf 88' lang='lat' dir='ltr'>records</span> <span class='ocrx_word' id='word_1_233' title='bbox 748 2976 819 3032; x_wconf 84' lang='lat' dir='ltr'>Seius,</span> <span class='ocrx_word' id='word_1_234' title='bbox 830 2976 921 3041; x_wconf 76' lang='lat' dir='ltr'>though</span> <span class='ocrx_word' id='word_1_235' title='bbox 930 2973 1000 3024; x_wconf 82' lang='lat' dir='ltr'>Halm</span> <span class='ocrx_word' id='word_1_236' title='bbox 1008 2977 1088 3026; x_wconf 85' lang='lat' dir='ltr'>thinks</span> <span class='ocrx_word' id='word_1_237' title='bbox 1098 2977 1128 3027; x_wconf 89' lang='lat' dir='ltr'>he</span> <span class='ocrx_word' id='word_1_238' title='bbox 1136 2979 1154 3026; x_wconf 90' lang='lat' dir='ltr'>is</span> <span class='ocrx_word' id='word_1_239' title='bbox 1163 2979 1275 3042; x_wconf 80' lang='lat' dir='ltr'>probably</span> <span class='ocrx_word' id='word_1_240' title='bbox 1284 2979 1324 3030; x_wconf 82' lang='lat' dir='ltr'>the</span> 
     </span>
     <span class='ocr_line' id='line_1_27' title="bbox 124 3040 1324 3107; baseline 0 -15"><span class='ocrx_word' id='word_1_241' title='bbox 124 3044 153 3092; x_wconf 84' lang='lat' dir='ltr'>ol</span> <span class='ocrx_word' id='word_1_242' title='bbox 166 3043 201 3091; x_wconf 92' lang='lat' dir='ltr'>his</span> <span class='ocrx_word' id='word_1_243' title='bbox 216 3042 294 3092; x_wconf 79' lang='lat' dir='ltr'>works</span> <span class='ocrx_word' id='word_1_244' title='bbox 315 3043 386 3091; x_wconf 78' lang='lat' dir='ltr'>about</span> <span class='ocrx_word' id='word_1_245' title='bbox 408 3042 523 3097; x_wconf 70' lang='lat' dir='ltr'>Mutiusr&#39;</span> <span class='ocrx_word' id='word_1_246' title='bbox 538 3049 565 3089; x_wconf 90' lang='grc' dir='ltr'>ιο</span> <span class='ocrx_word' id='word_1_247' title='bbox 581 3043 610 3092; x_wconf 88' lang='lat' dir='ltr'>be</span> <span class='ocrx_word' id='word_1_248' title='bbox 628 3040 699 3089; x_wconf 84' lang='lat' dir='ltr'>lound</span> <span class='ocrx_word' id='word_1_249' title='bbox 749 3055 812 3088; x_wconf 84' lang='lat' dir='ltr'>same</span> <span class='ocrx_word' id='word_1_250' title='bbox 829 3055 885 3088; x_wconf 81' lang='lat' dir='ltr'>man</span> <span class='ocrx_word' id='word_1_251' title='bbox 901 3043 980 3090; x_wconf 86' lang='lat' dir='ltr'>whose</span> <span class='ocrx_word' id='word_1_252' title='bbox 995 3053 1064 3091; x_wconf 81' lang='lat' dir='ltr'>name</span> <span class='ocrx_word' id='word_1_253' title='bbox 1080 3058 1159 3091; x_wconf 86' lang='lat' dir='ltr'>ooeurs</span> <span class='ocrx_word' id='word_1_254' title='bbox 1178 3044 1235 3092; x_wconf 84' lang='lat' dir='ltr'>with</span> <span class='ocrx_word' id='word_1_255' title='bbox 1252 3059 1324 3107; x_wconf 78' lang='lat' dir='ltr'>many</span> 
     </span>
     <span class='ocr_line' id='line_1_28' title="bbox 124 3106 1323 3172; baseline 0.003 -17"><span class='ocrx_word' id='word_1_256' title='bbox 124 3109 149 3156; x_wconf 91' lang='lat' dir='ltr'>in</span> <span class='ocrx_word' id='word_1_257' title='bbox 159 3108 200 3155; x_wconf 85' lang='lat' dir='ltr'>the</span> <span class='ocrx_word' id='word_1_258' title='bbox 215 3109 314 3156; x_wconf 77' lang='lat' dir='ltr'>remeius</span> <span class='ocrx_word' id='word_1_259' title='bbox 325 3108 353 3156; x_wconf 81' lang='lat' dir='ltr'>oi</span> <span class='ocrx_word' id='word_1_260' title='bbox 360 3108 396 3155; x_wconf 89' lang='lat' dir='ltr'>his</span> <span class='ocrx_word' id='word_1_261' title='bbox 407 3108 468 3172; x_wconf 77' lang='lat' dir='ltr'>siege</span> <span class='ocrx_word' id='word_1_262' title='bbox 478 3107 617 3168; x_wconf 84' lang='lat' dir='ltr'>operstious.</span> <span class='ocrx_word' id='word_1_263' title='bbox 749 3107 855 3154; x_wconf 82' lang='lat' dir='ltr'>rsrieties</span> <span class='ocrx_word' id='word_1_264' title='bbox 863 3106 891 3154; x_wconf 83' lang='lat' dir='ltr'>ol</span> <span class='ocrx_word' id='word_1_265' title='bbox 899 3109 994 3172; x_wconf 79' lang='lat' dir='ltr'>resding</span> <span class='ocrx_word' id='word_1_266' title='bbox 1005 3107 1029 3156; x_wconf 87' lang='lat' dir='ltr'>in</span> <span class='ocrx_word' id='word_1_267' title='bbox 1043 3119 1081 3171; x_wconf 73' lang='lat'>13.</span> <span class='ocrx_word' id='word_1_268' title='bbox 1092 3120 1130 3164; x_wconf 82' lang='lat' dir='ltr'>ss.</span> <span class='ocrx_word' id='word_1_269' title='bbox 1141 3106 1179 3166; x_wconf 80' lang='lat'>26,</span> <span class='ocrx_word' id='word_1_270' title='bbox 1187 3110 1233 3157; x_wconf 90' lang='lat' dir='ltr'>sud</span> <span class='ocrx_word' id='word_1_271' title='bbox 1245 3110 1323 3158; x_wconf 85' lang='lat' dir='ltr'>whom</span> 
     </span>
     <span class='ocr_line' id='line_1_29' title="bbox 157 3170 1324 3234; baseline 0.003 -13"><span class='ocrx_word' id='word_1_272' title='bbox 157 3185 181 3234; x_wconf 77' lang='lat'>5.</span> <span class='ocrx_word' id='word_1_273' title='bbox 199 3173 320 3221; x_wconf 87' lang='lat' dir='ltr'>Gsllism</span> <span class='ocrx_word' id='word_1_274' title='bbox 334 3172 468 3222; x_wconf 77' lang='lat' dir='ltr'>ultimam.</span> <span class='ocrx_word' id='word_1_275' title='bbox 493 3173 534 3220; x_wconf 89' lang='lat' dir='ltr'>See</span> <span class='ocrx_word' id='word_1_276' title='bbox 544 3185 566 3233; x_wconf 80' lang='lat'>5.</span> <span class='ocrx_word' id='word_1_277' title='bbox 577 3179 698 3233; x_wconf 77' lang='lat' dir='ltr'>s‚5note.</span> <span class='ocrx_word' id='word_1_278' title='bbox 748 3170 855 3219; x_wconf 81' lang='lat' dir='ltr'>hethere</span> <span class='ocrx_word' id='word_1_279' title='bbox 865 3173 920 3220; x_wconf 81' lang='lat' dir='ltr'>oslls</span> <span class='ocrx_word' id='word_1_280' title='bbox 933 3173 1036 3221; x_wconf 85' lang='lat' dir='ltr'>Insteius.</span> <span class='ocrx_word' id='word_1_281' title='bbox 1069 3174 1115 3222; x_wconf 80' lang='lat' dir='ltr'>For</span> <span class='ocrx_word' id='word_1_282' title='bbox 1126 3173 1185 3222; x_wconf 81' lang='lat' dir='ltr'>Tiro</span> <span class='ocrx_word' id='word_1_283' title='bbox 1200 3175 1246 3222; x_wconf 90' lang='lat' dir='ltr'>snd</span> <span class='ocrx_word' id='word_1_284' title='bbox 1259 3176 1324 3224; x_wconf 85' lang='lat' dir='ltr'>Mus·</span> 
     </span>
    </p>

    <p class='ocr_par' dir='ltr' id='par_1_7' title="bbox 158 3236 946 3300">
     <span class='ocr_line' id='line_1_30' title="bbox 158 3236 946 3300; baseline -0.001 -13"><span class='ocrx_word' id='word_1_285' title='bbox 158 3236 181 3287; x_wconf 88' lang='lat'>6.</span> <span class='ocrx_word' id='word_1_286' title='bbox 200 3239 274 3299; x_wconf 79' lang='lat' dir='ltr'>Quid</span> <span class='ocrx_word' id='word_1_287' title='bbox 294 3248 334 3287; x_wconf 83' lang='lat' dir='ltr'>est</span> <span class='ocrx_word' id='word_1_288' title='bbox 353 3239 436 3286; x_wconf 85' lang='lat' dir='ltr'>eliud.</span> <span class='ocrx_word' id='word_1_289' title='bbox 478 3237 519 3285; x_wconf 90' lang='lat' dir='ltr'>See</span> <span class='ocrx_word' id='word_1_290' title='bbox 536 3251 567 3284; x_wconf 90' lang='lat' dir='ltr'>on</span> <span class='ocrx_word' id='word_1_291' title='bbox 586 3247 607 3284; x_wconf 89' lang='lat'>1.</span> <span class='ocrx_word' id='word_1_292' title='bbox 623 3249 647 3300; x_wconf 84' lang='lat'>9.</span> <span class='ocrx_word' id='word_1_293' title='bbox 661 3247 698 3283; x_wconf 83' lang='grc' dir='ltr'>ιι.</span> <span class='ocrx_word' id='word_1_294' title='bbox 748 3236 794 3284; x_wconf 88' lang='lat' dir='ltr'>tels</span> <span class='ocrx_word' id='word_1_295' title='bbox 805 3251 841 3298; x_wconf 84' lang='lat' dir='ltr'>cp.</span> <span class='ocrx_word' id='word_1_296' title='bbox 854 3247 876 3284; x_wconf 83' lang='grc' dir='ltr'>ι.</span> <span class='ocrx_word' id='word_1_297' title='bbox 888 3253 911 3296; x_wconf 86' lang='grc'>4,</span> <span class='ocrx_word' id='word_1_298' title='bbox 923 3237 946 3286; x_wconf 91' lang='grc'>8.</span> 
     </span>
    </p>

    <p class='ocr_par' dir='ltr' id='par_1_8' title="bbox 124 3301 1324 3498">
     <span class='ocr_line' id='line_1_31' title="bbox 160 3301 1324 3367; baseline 0.003 -17"><span class='ocrx_word' id='word_1_299' title='bbox 160 3312 182 3366; x_wconf 76' lang='lat'>7.</span> <span class='ocrx_word' id='word_1_300' title='bbox 200 3305 288 3365; x_wconf 82' lang='lat' dir='ltr'>Prope</span> <span class='ocrx_word' id='word_1_301' title='bbox 310 3318 355 3351; x_wconf 88' lang='lat' dir='ltr'>sre</span> <span class='ocrx_word' id='word_1_302' title='bbox 381 3303 493 3358; x_wconf 84' lang='lat' dir='ltr'>bellurn.</span> <span class='ocrx_word' id='word_1_303' title='bbox 527 3308 571 3348; x_wconf 77' lang='lat' dir='ltr'>‘to</span> <span class='ocrx_word' id='word_1_304' title='bbox 601 3301 699 3364; x_wconf 78' lang='lat' dir='ltr'>prolong</span> <span class='ocrx_word' id='word_1_305' title='bbox 783 3315 822 3365; x_wconf 83' lang='lat' dir='ltr'>ip.</span> <span class='ocrx_word' id='word_1_306' title='bbox 840 3301 903 3350; x_wconf 88' lang='lat' dir='ltr'>Non</span> <span class='ocrx_word' id='word_1_307' title='bbox 921 3317 982 3365; x_wconf 77' lang='lat' dir='ltr'>pes.</span> <span class='ocrx_word' id='word_1_308' title='bbox 1001 3306 1047 3353; x_wconf 86' lang='lat' dir='ltr'>sed</span> <span class='ocrx_word' id='word_1_309' title='bbox 1063 3305 1155 3367; x_wconf 80' lang='lat' dir='ltr'>pretio</span> <span class='ocrx_word' id='word_1_310' title='bbox 1173 3307 1324 3362; x_wconf 76' lang='lat' dir='ltr'>servitutis.</span> 
     </span>
     <span class='ocr_line' id='line_1_32' title="bbox 124 3365 1324 3433; baseline 0.001 -17"><span class='ocrx_word' id='word_1_311' title='bbox 124 3369 166 3416; x_wconf 87' lang='lat' dir='ltr'>the</span> <span class='ocrx_word' id='word_1_312' title='bbox 183 3367 245 3415; x_wconf 70' lang='lat' dir='ltr'>war!</span> <span class='ocrx_word' id='word_1_313' title='bbox 299 3381 321 3428; x_wconf 88' lang='lat' dir='ltr'>p.</span> <span class='ocrx_word' id='word_1_314' title='bbox 337 3367 403 3416; x_wconf 79' lang='lat' dir='ltr'>Fam.</span> <span class='ocrx_word' id='word_1_315' title='bbox 418 3381 441 3429; x_wconf 78' lang='lat'>5.</span> <span class='ocrx_word' id='word_1_316' title='bbox 459 3379 523 3430; x_wconf 58' lang='grc' dir='ltr'>ιω</span> <span class='ocrx_word' id='word_1_317' title='bbox 541 3365 699 3430; x_wconf 74' lang='lat' dir='ltr'>‘Propsgstio</span> <span class='ocrx_word' id='word_1_318' title='bbox 749 3373 779 3414; x_wconf 81' lang='lat' dir='ltr'>‘s</span> <span class='ocrx_word' id='word_1_319' title='bbox 795 3375 910 3427; x_wconf 86' lang='lat' dir='ltr'>oornpsct,</span> <span class='ocrx_word' id='word_1_320' title='bbox 922 3375 963 3415; x_wconf 84' lang='lat' dir='ltr'>not</span> <span class='ocrx_word' id='word_1_321' title='bbox 979 3370 1008 3416; x_wconf 84' lang='grc' dir='ltr'>οι·</span> <span class='ocrx_word' id='word_1_322' title='bbox 1019 3383 1097 3429; x_wconf 79' lang='lat' dir='ltr'>pesce,</span> <span class='ocrx_word' id='word_1_323' title='bbox 1113 3369 1155 3416; x_wconf 86' lang='lat' dir='ltr'>but</span> <span class='ocrx_word' id='word_1_324' title='bbox 1174 3370 1203 3417; x_wconf 84' lang='lat' dir='ltr'>ol</span> <span class='ocrx_word' id='word_1_325' title='bbox 1219 3369 1324 3433; x_wconf 70' lang='lat' dir='ltr'>slsrery!</span> 
     </span>
     <span class='ocr_line' id='line_1_33' title="bbox 124 3431 1324 3498; baseline 0.003 -17"><span class='ocrx_word' id='word_1_326' title='bbox 124 3433 243 3482; x_wconf 76' lang='lat' dir='ltr'>miserrimi</span> <span class='ocrx_word' id='word_1_327' title='bbox 253 3432 380 3493; x_wconf 65' lang='lat' dir='ltr'>temporis!</span> <span class='ocrx_word' id='word_1_328' title='bbox 749 3432 793 3493; x_wconf 87' lang='lat' dir='ltr'>Cp.</span> <span class='ocrx_word' id='word_1_329' title='bbox 804 3431 864 3480; x_wconf 75' lang='lat' dir='ltr'>lior.</span> <span class='ocrx_word' id='word_1_330' title='bbox 875 3446 899 3495; x_wconf 80' lang='lat'>4</span> <span class='ocrx_word' id='word_1_331' title='bbox 917 3444 946 3480; x_wconf 88' lang='lat' dir='ltr'>rs</span> <span class='ocrx_word' id='word_1_332' title='bbox 965 3433 1062 3483; x_wconf 82' lang='lat' dir='ltr'>‘Totius</span> <span class='ocrx_word' id='word_1_333' title='bbox 1073 3435 1161 3498; x_wconf 77' lang='lat' dir='ltr'>generis</span> <span class='ocrx_word' id='word_1_334' title='bbox 1172 3435 1267 3483; x_wconf 83' lang='lat' dir='ltr'>huntsni</span> <span class='ocrx_word' id='word_1_335' title='bbox 1283 3445 1324 3484; x_wconf 86' lang='lat' dir='ltr'>sut</span> 
     </span>
    </p>

    <p class='ocr_par' dir='ltr' id='par_1_9' title="bbox 124 3494 1325 4018">
     <span class='ocr_line' id='line_1_34' title="bbox 157 3494 1004 3560; baseline 0 -14"><span class='ocrx_word' id='word_1_336' title='bbox 157 3497 181 3546; x_wconf 90' lang='lat'>8.</span> <span class='ocrx_word' id='word_1_337' title='bbox 204 3498 231 3546; x_wconf 79' lang='lat' dir='ltr'>st</span> <span class='ocrx_word' id='word_1_338' title='bbox 262 3508 439 3560; x_wconf 77' lang='lat' dir='ltr'>quacumque.</span> <span class='ocrx_word' id='word_1_339' title='bbox 481 3495 534 3544; x_wconf 84' lang='lat' dir='ltr'>The</span> <span class='ocrx_word' id='word_1_340' title='bbox 552 3495 610 3542; x_wconf 89' lang='lat' dir='ltr'>lster</span> <span class='ocrx_word' id='word_1_341' title='bbox 633 3494 699 3542; x_wconf 85' lang='lat' dir='ltr'>MSS.</span> <span class='ocrx_word' id='word_1_342' title='bbox 748 3509 794 3558; x_wconf 82' lang='lat' dir='ltr'>psx</span> <span class='ocrx_word' id='word_1_343' title='bbox 806 3495 849 3543; x_wconf 78' lang='lat' dir='ltr'>fuir</span> <span class='ocrx_word' id='word_1_344' title='bbox 861 3505 901 3544; x_wconf 84' lang='lat' dir='ltr'>sut</span> <span class='ocrx_word' id='word_1_345' title='bbox 912 3497 1004 3558; x_wconf 66' lang='lat' dir='ltr'>pactio!</span> 
     </span>
     <span class='ocr_line' id='line_1_35' title="bbox 124 3559 1324 3628; baseline 0.001 -17"><span class='ocrx_word' id='word_1_346' title='bbox 124 3564 185 3612; x_wconf 82' lang='lat' dir='ltr'>omit</span> <span class='ocrx_word' id='word_1_347' title='bbox 196 3563 244 3618; x_wconf 70' lang='lat' dir='ltr'>‘si&#39;</span> <span class='ocrx_word' id='word_1_348' title='bbox 261 3563 307 3610; x_wconf 89' lang='lat' dir='ltr'>sud</span> <span class='ocrx_word' id='word_1_349' title='bbox 318 3563 417 3626; x_wconf 77' lang='lat' dir='ltr'>Msdrig</span> <span class='ocrx_word' id='word_1_350' title='bbox 429 3561 453 3624; x_wconf 64' lang='lat'>(4</span> <span class='ocrx_word' id='word_1_351' title='bbox 466 3561 506 3624; x_wconf 78' lang='lat'>87.</span> <span class='ocrx_word' id='word_1_352' title='bbox 517 3561 574 3608; x_wconf 88' lang='lat' dir='ltr'>Ohs.</span> <span class='ocrx_word' id='word_1_353' title='bbox 592 3559 617 3620; x_wconf 81' lang='grc' dir='ltr'>ι)</span> <span class='ocrx_word' id='word_1_354' title='bbox 629 3560 699 3607; x_wconf 84' lang='lat' dir='ltr'>limlts</span> <span class='ocrx_word' id='word_1_355' title='bbox 783 3573 822 3624; x_wconf 76' lang='lat'>²³·</span> <span class='ocrx_word' id='word_1_356' title='bbox 841 3563 1009 3620; x_wconf 63' lang='lat' dir='ltr'>mouerint,</span> <span class='ocrx_word' id='word_1_357' title='bbox 1020 3569 1092 3626; x_wconf 82' lang='lat' dir='ltr'>‘may</span> <span class='ocrx_word' id='word_1_358' title='bbox 1103 3563 1143 3612; x_wconf 82' lang='lat' dir='ltr'>the</span> <span class='ocrx_word' id='word_1_359' title='bbox 1154 3566 1212 3628; x_wconf 74' lang='lat' dir='ltr'>gods</span> <span class='ocrx_word' id='word_1_360' title='bbox 1228 3563 1324 3624; x_wconf 79' lang='lat' dir='ltr'>already</span> 
     </span>
     <span class='ocr_line' id='line_1_36' title="bbox 124 3625 1324 3689; baseline 0.001 -13"><span class='ocrx_word' id='word_1_361' title='bbox 124 3629 171 3676; x_wconf 82' lang='lat' dir='ltr'>this</span> <span class='ocrx_word' id='word_1_362' title='bbox 182 3643 222 3676; x_wconf 88' lang='lat' dir='ltr'>use</span> <span class='ocrx_word' id='word_1_363' title='bbox 238 3627 267 3675; x_wconf 80' lang='lat' dir='ltr'>ol</span> <span class='ocrx_word' id='word_1_364' title='bbox 274 3625 440 3689; x_wconf 62' lang='lat' dir='ltr'>‘quicumque&#39;</span> <span class='ocrx_word' id='word_1_365' title='bbox 452 3641 477 3674; x_wconf 87' lang='lat' dir='ltr'>ss</span> <span class='ocrx_word' id='word_1_366' title='bbox 493 3625 626 3688; x_wconf 80' lang='lat' dir='ltr'>prestioslly</span> <span class='ocrx_word' id='word_1_367' title='bbox 636 3625 699 3685; x_wconf 87' lang='lat' dir='ltr'>equi·</span> <span class='ocrx_word' id='word_1_368' title='bbox 748 3626 808 3674; x_wconf 81' lang='lat' dir='ltr'>hsve</span> <span class='ocrx_word' id='word_1_369' title='bbox 823 3627 925 3674; x_wconf 79' lang='lat' dir='ltr'>diverted</span> <span class='ocrx_word' id='word_1_370' title='bbox 940 3627 1000 3675; x_wconf 80' lang='lat' dir='ltr'>from</span> <span class='ocrx_word' id='word_1_371' title='bbox 1015 3629 1056 3676; x_wconf 89' lang='lat' dir='ltr'>us.&#39;</span> <span class='ocrx_word' id='word_1_372' title='bbox 1089 3629 1159 3677; x_wconf 86' lang='lat' dir='ltr'>Some</span> <span class='ocrx_word' id='word_1_373' title='bbox 1170 3631 1199 3678; x_wconf 81' lang='lat' dir='ltr'>ol</span> <span class='ocrx_word' id='word_1_374' title='bbox 1212 3627 1252 3676; x_wconf 86' lang='lat' dir='ltr'>the</span> <span class='ocrx_word' id='word_1_375' title='bbox 1266 3630 1324 3677; x_wconf 80' lang='lat' dir='ltr'>later</span> 
     </span>
     <span class='ocr_line' id='line_1_37' title="bbox 125 3689 1324 3758; baseline 0.001 -17"><span class='ocrx_word' id='word_1_376' title='bbox 125 3695 203 3742; x_wconf 79' lang='lat' dir='ltr'>ysleut</span> <span class='ocrx_word' id='word_1_377' title='bbox 219 3701 245 3740; x_wconf 88' lang='lat' dir='ltr'>to</span> <span class='ocrx_word' id='word_1_378' title='bbox 262 3693 364 3754; x_wconf 70' lang='lat' dir='ltr'>&#39;quiris&#39;</span> <span class='ocrx_word' id='word_1_379' title='bbox 382 3693 442 3739; x_wconf 81' lang='lat' dir='ltr'>from</span> <span class='ocrx_word' id='word_1_380' title='bbox 458 3691 499 3738; x_wconf 87' lang='lat' dir='ltr'>the</span> <span class='ocrx_word' id='word_1_381' title='bbox 515 3691 657 3752; x_wconf 74' lang='lat' dir='ltr'>suppression</span> <span class='ocrx_word' id='word_1_382' title='bbox 674 3689 703 3738; x_wconf 83' lang='lat' dir='ltr'>ol&#39;</span> <span class='ocrx_word' id='word_1_383' title='bbox 750 3691 814 3740; x_wconf 75' lang='lat' dir='ltr'>MSS.</span> <span class='ocrx_word' id='word_1_384' title='bbox 826 3691 886 3739; x_wconf 86' lang='lat' dir='ltr'>hsre</span> <span class='ocrx_word' id='word_1_385' title='bbox 897 3694 1057 3749; x_wconf 65' lang='lat' dir='ltr'>‘evertemus&#39;</span> <span class='ocrx_word' id='word_1_386' title='bbox 1068 3709 1091 3741; x_wconf 89' lang='lat' dir='ltr'>ss</span> <span class='ocrx_word' id='word_1_387' title='bbox 1103 3693 1193 3758; x_wconf 78' lang='lat' dir='ltr'>though</span> <span class='ocrx_word' id='word_1_388' title='bbox 1201 3692 1242 3742; x_wconf 85' lang='lat' dir='ltr'>the</span> <span class='ocrx_word' id='word_1_389' title='bbox 1249 3695 1324 3742; x_wconf 85' lang='lat' dir='ltr'>words</span> 
     </span>
     <span class='ocr_line' id='line_1_38' title="bbox 124 3754 1324 3842; baseline 0 -35"><span class='ocrx_word' id='word_1_390' title='bbox 124 3759 166 3807; x_wconf 87' lang='lat' dir='ltr'>the</span> <span class='ocrx_word' id='word_1_391' title='bbox 188 3759 244 3805; x_wconf 80' lang='lat' dir='ltr'>verb</span> <span class='ocrx_word' id='word_1_392' title='bbox 265 3759 294 3805; x_wconf 76' lang='lat' dir='ltr'>ol*</span> <span class='ocrx_word' id='word_1_393' title='bbox 311 3757 446 3842; x_wconf 73' lang='lat' dir='ltr'>possibility,</span> <span class='ocrx_word' id='word_1_394' title='bbox 469 3765 495 3803; x_wconf 93' lang='grc' dir='ltr'>ιο</span> <span class='ocrx_word' id='word_1_395' title='bbox 512 3755 553 3803; x_wconf 89' lang='lat' dir='ltr'>the</span> <span class='ocrx_word' id='word_1_396' title='bbox 569 3754 700 3816; x_wconf 76' lang='lat' dir='ltr'>expression</span> <span class='ocrx_word' id='word_1_397' title='bbox 749 3771 809 3804; x_wconf 91' lang='lat' dir='ltr'>were</span> <span class='ocrx_word' id='word_1_398' title='bbox 836 3765 888 3817; x_wconf 85' lang='lat' dir='ltr'>pert</span> <span class='ocrx_word' id='word_1_399' title='bbox 916 3757 945 3804; x_wconf 87' lang='lat' dir='ltr'>ol</span> <span class='ocrx_word' id='word_1_400' title='bbox 963 3757 1003 3804; x_wconf 89' lang='lat' dir='ltr'>the</span> <span class='ocrx_word' id='word_1_401' title='bbox 1025 3759 1148 3820; x_wconf 76' lang='lat' dir='ltr'>quotation</span> <span class='ocrx_word' id='word_1_402' title='bbox 1169 3760 1230 3808; x_wconf 82' lang='lat' dir='ltr'>irum</span> <span class='ocrx_word' id='word_1_403' title='bbox 1252 3759 1324 3807; x_wconf 79' lang='lat' dir='ltr'>Piso&#39;s</span> 
     </span>
     <span class='ocr_line' id='line_1_39' title="bbox 125 3819 1325 3951; baseline 0.002 -15"><span class='ocrx_word' id='word_1_404' title='bbox 125 3821 700 3949; x_wconf 54' lang='lat' dir='ltr'>tuuursssutuwm</span> <span class='ocrx_word' id='word_1_405' title='bbox 749 3820 906 3934; x_wconf 50' lang='lat'>,3331</span> <span class='ocrx_word' id='word_1_406' title='bbox 913 3819 1102 3950; x_wconf 50' lang='lat' dir='ltr'>&amp;llll</span> <span class='ocrx_word' id='word_1_407' title='bbox 1111 3823 1156 3951; x_wconf 69' lang='lat' dir='ltr'>l}</span> <span class='ocrx_word' id='word_1_408' title='bbox 1166 3825 1325 3946; x_wconf 62' lang='lat' dir='ltr'>susti</span> 
     </span>
     <span class='ocr_line' id='line_1_40' title="bbox 125 3950 1324 4018; baseline 0.002 -18"><span class='ocrx_word' id='word_1_409' title='bbox 125 3953 255 4016; x_wconf 78' lang='lat' dir='ltr'>plenissime</span> <span class='ocrx_word' id='word_1_410' title='bbox 267 3953 296 4000; x_wconf 85' lang='lat' dir='ltr'>sd</span> <span class='ocrx_word' id='word_1_411' title='bbox 307 3967 345 4000; x_wconf 89' lang='lat' dir='ltr'>rue</span> <span class='ocrx_word' id='word_1_412' title='bbox 356 3953 454 4000; x_wconf 67' lang='lat' dir='ltr'>scobes!</span> <span class='ocrx_word' id='word_1_413' title='bbox 749 3958 831 3999; x_wconf 90' lang='lat' dir='ltr'>counts</span> <span class='ocrx_word' id='word_1_414' title='bbox 843 3952 878 3999; x_wconf 86' lang='lat' dir='ltr'>lor</span> <span class='ocrx_word' id='word_1_415' title='bbox 889 3951 924 3998; x_wconf 87' lang='lat' dir='ltr'>hir</span> <span class='ocrx_word' id='word_1_416' title='bbox 934 3950 1050 4018; x_wconf 78' lang='lat' dir='ltr'>throwing</span> <span class='ocrx_word' id='word_1_417' title='bbox 1061 3953 1122 4001; x_wconf 88' lang='lat' dir='ltr'>bsclr</span> <span class='ocrx_word' id='word_1_418' title='bbox 1133 3953 1168 4002; x_wconf 89' lang='lat' dir='ltr'>his</span> <span class='ocrx_word' id='word_1_419' title='bbox 1179 3955 1235 4002; x_wconf 86' lang='lat' dir='ltr'>wlsh</span> <span class='ocrx_word' id='word_1_420' title='bbox 1245 3962 1272 4002; x_wconf 84' lang='lat' dir='ltr'>to</span> <span class='ocrx_word' id='word_1_421' title='bbox 1283 3954 1324 4002; x_wconf 87' lang='lat' dir='ltr'>the</span> 
     </span>
    </p>

    <p class='ocr_par' dir='ltr' id='par_1_10' title="bbox 125 4013 1326 4453">
     <span class='ocr_line' id='line_1_41' title="bbox 161 4013 1263 4084; baseline 0.002 -19"><span class='ocrx_word' id='word_1_422' title='bbox 161 4015 199 4066; x_wconf 87' lang='lat'>16.</span> <span class='ocrx_word' id='word_1_423' title='bbox 218 4018 347 4080; x_wconf 75' lang='lat' dir='ltr'>Supplete</span> <span class='ocrx_word' id='word_1_424' title='bbox 367 4027 482 4070; x_wconf 82' lang='lat' dir='ltr'>ceteros,</span> <span class='ocrx_word' id='word_1_425' title='bbox 496 4015 538 4064; x_wconf 84' lang='lat' dir='ltr'>dsc.</span> <span class='ocrx_word' id='word_1_426' title='bbox 572 4013 651 4063; x_wconf 83' lang='lat' dir='ltr'>These</span> <span class='ocrx_word' id='word_1_427' title='bbox 666 4016 700 4063; x_wconf 91' lang='lat' dir='ltr'>sl·</span> <span class='ocrx_word' id='word_1_428' title='bbox 749 4017 807 4065; x_wconf 88' lang='lat' dir='ltr'>tirue</span> <span class='ocrx_word' id='word_1_429' title='bbox 817 4015 884 4064; x_wconf 89' lang='lat' dir='ltr'>when</span> <span class='ocrx_word' id='word_1_430' title='bbox 894 4016 950 4078; x_wconf 89' lang='lat' dir='ltr'>they</span> <span class='ocrx_word' id='word_1_431' title='bbox 962 4032 1022 4065; x_wconf 80' lang='lat' dir='ltr'>were</span> <span class='ocrx_word' id='word_1_432' title='bbox 1033 4019 1263 4084; x_wconf 75' lang='lat' dir='ltr'>origimllyuttered.</span> 
     </span>
     <span class='ocr_line' id='line_1_42' title="bbox 125 4079 1323 4144; baseline -0.001 -12"><span class='ocrx_word' id='word_1_433' title='bbox 125 4083 196 4144; x_wconf 71' lang='lat' dir='ltr'>ready</span> <span class='ocrx_word' id='word_1_434' title='bbox 213 4083 296 4131; x_wconf 80' lang='lat' dir='ltr'>named</span> <span class='ocrx_word' id='word_1_435' title='bbox 312 4082 358 4131; x_wconf 89' lang='lat' dir='ltr'>hsd</span> <span class='ocrx_word' id='word_1_436' title='bbox 374 4093 439 4130; x_wconf 87' lang='lat' dir='ltr'>some</span> <span class='ocrx_word' id='word_1_437' title='bbox 454 4082 594 4141; x_wconf 76' lang='lat' dir='ltr'>pietensions</span> <span class='ocrx_word' id='word_1_438' title='bbox 611 4089 637 4128; x_wconf 93' lang='grc' dir='ltr'>ιο</span> <span class='ocrx_word' id='word_1_439' title='bbox 654 4081 699 4128; x_wconf 88' lang='lat' dir='ltr'>dis·</span> <span class='ocrx_word' id='word_1_440' title='bbox 783 4095 817 4130; x_wconf 88' lang='lat' dir='ltr'>ee.</span> <span class='ocrx_word' id='word_1_441' title='bbox 831 4088 854 4143; x_wconf 78' lang='lat'>7,</span> <span class='ocrx_word' id='word_1_442' title='bbox 865 4081 889 4130; x_wconf 81' lang='grc' dir='ltr'>Β.</span> <span class='ocrx_word' id='word_1_443' title='bbox 904 4081 969 4129; x_wconf 72' lang='lat' dir='ltr'>sven</span> <span class='ocrx_word' id='word_1_444' title='bbox 986 4079 1060 4144; x_wconf 64' lang='lat' dir='ltr'>§Isis</span> <span class='ocrx_word' id='word_1_445' title='bbox 1076 4084 1176 4144; x_wconf 71' lang='lat' dir='ltr'>emtasy</span> <span class='ocrx_word' id='word_1_446' title='bbox 1192 4098 1251 4144; x_wconf 65' lang='lat' dir='ltr'>repre</span> <span class='ocrx_word' id='word_1_447' title='bbox 1267 4093 1323 4138; x_wconf 77' lang='lat' dir='ltr'>sust.</span> 
     </span>
     <span class='ocr_line' id='line_1_43' title="bbox 125 4145 1324 4212; baseline 0.001 -16"><span class='ocrx_word' id='word_1_448' title='bbox 125 4149 232 4204; x_wconf 79' lang='lat' dir='ltr'>tinctiou,</span> <span class='ocrx_word' id='word_1_449' title='bbox 251 4148 320 4211; x_wconf 79' lang='lat' dir='ltr'>being</span> <span class='ocrx_word' id='word_1_450' title='bbox 337 4157 447 4202; x_wconf 69' lang='lat' dir='ltr'>matoes,</span> <span class='ocrx_word' id='word_1_451' title='bbox 466 4145 556 4212; x_wconf 75' lang='lat' dir='ltr'>though</span> <span class='ocrx_word' id='word_1_452' title='bbox 575 4145 699 4207; x_wconf 73' lang='lat' dir='ltr'>unworthy</span> <span class='ocrx_word' id='word_1_453' title='bbox 750 4145 933 4194; x_wconf 69' lang='grc' dir='ltr'><strong>Οἰιαιοιυαιιὸι</strong></span> <span class='ocrx_word' id='word_1_454' title='bbox 947 4146 1088 4210; x_wconf 72' lang='lat' dir='ltr'>Iusrpoeuoss</span> <span class='ocrx_word' id='word_1_455' title='bbox 1104 4149 1156 4196; x_wconf 80' lang='lat' dir='ltr'>roho</span> <span class='ocrx_word' id='word_1_456' title='bbox 1171 4147 1324 4196; x_wconf 72' lang='lat' dir='ltr'>shouldboevs</span> 
     </span>
     <span class='ocr_line' id='line_1_44' title="bbox 126 4211 1324 4277; baseline -0.002 -15"><span class='ocrx_word' id='word_1_457' title='bbox 126 4227 196 4270; x_wconf 66' lang='lat' dir='ltr'>ouen</span> <span class='ocrx_word' id='word_1_458' title='bbox 213 4214 255 4262; x_wconf 87' lang='lat' dir='ltr'>but</span> <span class='ocrx_word' id='word_1_459' title='bbox 272 4212 338 4260; x_wconf 85' lang='lat' dir='ltr'>there</span> <span class='ocrx_word' id='word_1_460' title='bbox 357 4227 417 4260; x_wconf 90' lang='lat' dir='ltr'>were</span> <span class='ocrx_word' id='word_1_461' title='bbox 435 4225 505 4274; x_wconf 85' lang='lat' dir='ltr'>msuy</span> <span class='ocrx_word' id='word_1_462' title='bbox 520 4211 596 4259; x_wconf 89' lang='lat' dir='ltr'>others</span> <span class='ocrx_word' id='word_1_463' title='bbox 611 4211 700 4274; x_wconf 76' lang='lat' dir='ltr'>slmiug</span> <span class='ocrx_word' id='word_1_464' title='bbox 751 4211 803 4259; x_wconf 76' lang='lat' dir='ltr'>been</span> <span class='ocrx_word' id='word_1_465' title='bbox 814 4213 937 4273; x_wconf 73' lang='lat' dir='ltr'>appointed</span> <span class='ocrx_word' id='word_1_466' title='bbox 952 4219 975 4259; x_wconf 79' lang='lat' dir='ltr'>to</span> <span class='ocrx_word' id='word_1_467' title='bbox 992 4214 1105 4277; x_wconf 72' lang='lat' dir='ltr'>negotiola</span> <span class='ocrx_word' id='word_1_468' title='bbox 1117 4213 1162 4275; x_wconf 82' lang='lat' dir='ltr'>sor</span> <span class='ocrx_word' id='word_1_469' title='bbox 1177 4222 1253 4276; x_wconf 78' lang='lat' dir='ltr'>prees.</span> <span class='ocrx_word' id='word_1_470' title='bbox 1286 4211 1324 4260; x_wconf 84' lang='lat' dir='ltr'>Hs</span> 
     </span>
     <span class='ocr_line' id='line_1_45' title="bbox 126 4271 1324 4342; baseline -0.002 -16"><span class='ocrx_word' id='word_1_471' title='bbox 126 4287 151 4326; x_wconf 88' lang='lat' dir='ltr'>st</span> <span class='ocrx_word' id='word_1_472' title='bbox 164 4279 223 4342; x_wconf 73' lang='lat' dir='ltr'>high</span> <span class='ocrx_word' id='word_1_473' title='bbox 237 4277 291 4325; x_wconf 79' lang='lat' dir='ltr'>civil</span> <span class='ocrx_word' id='word_1_474' title='bbox 306 4278 351 4325; x_wconf 89' lang='lat' dir='ltr'>sud</span> <span class='ocrx_word' id='word_1_475' title='bbox 364 4277 467 4338; x_wconf 87' lang='lat' dir='ltr'>militsry</span> <span class='ocrx_word' id='word_1_476' title='bbox 484 4276 569 4331; x_wconf 83' lang='lat' dir='ltr'>offices.</span> <span class='ocrx_word' id='word_1_477' title='bbox 584 4275 639 4325; x_wconf 91' lang='lat' dir='ltr'>who</span> <span class='ocrx_word' id='word_1_478' title='bbox 654 4276 700 4323; x_wconf 79' lang='lat' dir='ltr'>hed</span> <span class='ocrx_word' id='word_1_479' title='bbox 750 4276 800 4324; x_wconf 80' lang='lat' dir='ltr'>bod</span> <span class='ocrx_word' id='word_1_480' title='bbox 808 4276 885 4325; x_wconf 57' lang='lat' dir='ltr'>mres</span> <span class='ocrx_word' id='word_1_481' title='bbox 896 4271 1032 4338; x_wconf 64' lang='lat' dir='ltr'>himsrlsths</span> <span class='ocrx_word' id='word_1_482' title='bbox 1048 4279 1115 4328; x_wconf 74' lang='lat' dir='ltr'>litter</span> <span class='ocrx_word' id='word_1_483' title='bbox 1130 4277 1180 4326; x_wconf 74' lang='lat' dir='ltr'>und</span> <span class='ocrx_word' id='word_1_484' title='bbox 1193 4277 1324 4342; x_wconf 76' lang='lat' dir='ltr'>ssspursisg</span> 
     </span>
     <span class='ocr_line' id='line_1_46' title="bbox 126 4341 1326 4453; baseline 0 -62"><span class='ocrx_word' id='word_1_485' title='bbox 126 4352 169 4392; x_wconf 85' lang='lat' dir='ltr'>not</span> <span class='ocrx_word' id='word_1_486' title='bbox 180 4357 238 4391; x_wconf 84' lang='lat' dir='ltr'>eren</span> <span class='ocrx_word' id='word_1_487' title='bbox 250 4341 347 4392; x_wconf 88' lang='lat' dir='ltr'>resched</span> <span class='ocrx_word' id='word_1_488' title='bbox 359 4343 400 4390; x_wconf 90' lang='lat' dir='ltr'>the</span> <span class='ocrx_word' id='word_1_489' title='bbox 411 4349 497 4390; x_wconf 79' lang='lat' dir='ltr'>senate.</span> <span class='ocrx_word' id='word_1_490' title='bbox 751 4356 829 4453; x_wconf 42' lang='lat' dir='ltr'>eremi</span> <span class='ocrx_word' id='word_1_491' title='bbox 845 4342 877 4403; x_wconf 88' lang='lat' dir='ltr'>os</span> <span class='ocrx_word' id='word_1_492' title='bbox 887 4341 987 4402; x_wconf 59' lang='lat' dir='ltr'>Autem,</span> <span class='ocrx_word' id='word_1_493' title='bbox 1005 4344 1056 4390; x_wconf 82' lang='lat' dir='ltr'>esd</span> <span class='ocrx_word' id='word_1_494' title='bbox 1072 4359 1120 4391; x_wconf 78' lang='lat' dir='ltr'>sees</span> <span class='ocrx_word' id='word_1_495' title='bbox 1139 4343 1249 4404; x_wconf 73' lang='lat' dir='ltr'>tbmsors</span> <span class='ocrx_word' id='word_1_496' title='bbox 1266 4352 1326 4390; x_wconf 79' lang='lat' dir='ltr'>most</span> 
     </span>
    </p>
   </div>
   <div class='ocr_carea' id='block_1_5' title="bbox 163 4405 1324 4553">
    <p class='ocr_par' dir='ltr' id='par_1_11' title="bbox 163 4405 1324 4553">
     <span class='ocr_line' id='line_1_47' title="bbox 163 4405 1324 4469; baseline 0.002 -13"><span class='ocrx_word' id='word_1_497' title='bbox 163 4409 200 4458; x_wconf 80' lang='lat'>18.</span> <span class='ocrx_word' id='word_1_498' title='bbox 218 4408 369 4458; x_wconf 82' lang='lat' dir='ltr'>Numisios.</span> <span class='ocrx_word' id='word_1_499' title='bbox 402 4406 454 4455; x_wconf 87' lang='lat' dir='ltr'>The</span> <span class='ocrx_word' id='word_1_500' title='bbox 465 4421 533 4454; x_wconf 78' lang='lat' dir='ltr'>murs</span> <span class='ocrx_word' id='word_1_501' title='bbox 546 4406 575 4454; x_wconf 81' lang='lat' dir='ltr'>oi</span> <span class='ocrx_word' id='word_1_502' title='bbox 584 4406 702 4454; x_wconf 82' lang='lat' dir='ltr'>Numisius</span> <span class='ocrx_word' id='word_1_503' title='bbox 753 4405 803 4454; x_wconf 78' lang='lat' dir='ltr'>resls&#39;</span> <span class='ocrx_word' id='word_1_504' title='bbox 827 4407 884 4467; x_wconf 73' lang='lat' dir='ltr'>lym</span> <span class='ocrx_word' id='word_1_505' title='bbox 892 4407 984 4469; x_wconf 66' lang='lat' dir='ltr'>pressi</span> <span class='ocrx_word' id='word_1_506' title='bbox 993 4407 1047 4457; x_wconf 72' lang='lat' dir='ltr'>with</span> <span class='ocrx_word' id='word_1_507' title='bbox 1061 4407 1117 4462; x_wconf 77' lang='lat' dir='ltr'>him.</span> <span class='ocrx_word' id='word_1_508' title='bbox 1127 4405 1194 4456; x_wconf 68' lang='lat' dir='ltr'>sedile</span> <span class='ocrx_word' id='word_1_509' title='bbox 1210 4407 1246 4456; x_wconf 77' lang='lat' dir='ltr'>the</span> <span class='ocrx_word' id='word_1_510' title='bbox 1258 4415 1324 4469; x_wconf 65' lang='lat' dir='ltr'>eapse</span> 
     </span>
     <span class='ocr_line' id='line_1_48' title="bbox 1049 4505 1107 4553; baseline 0.052 -3"><span class='ocrx_word' id='word_1_511' title='bbox 1049 4505 1073 4550; x_wconf 81' lang='lat' dir='ltr'>&#39;l&#39;</span> <span class='ocrx_word' id='word_1_512' title='bbox 1089 4507 1107 4553; x_wconf 81' lang='lat'>2</span> 
     </span>
    </p>
   </div>
   <div class='ocr_carea' id='block_1_6' title="bbox 0 0 1511 4706">
    <p class='ocr_par' dir='ltr' id='par_1_12' title="bbox 0 0 1511 4706">
     <span class='ocr_line' id='line_1_49' title="bbox 0 0 1511 4706; baseline 0 0"><span class='ocrx_word' id='word_1_513' title='bbox 0 0 1511 4706; x_wconf 95' lang='lat' dir='ltr'> </span> 
     </span>
    </p>
   </div>
  </div>
 </body>
</html>
