2998 4706
126 159 186 222 216
462 161 512 224 M.
545 163 705 224 TULLII
733 163 988 226 CICERONIS
1181 192 1226 230 oo.
1238 177 1339 229 8-6.

123 317 225 382 videri
256 322 301 382 rei
328 321 473 405 publicae
500 321 666 406 profuisse.
722 323 840 388 Multis
867 323 915 386 illi
943 327 978 386 in
1009 323 1152 402 urbibus,
1179 321 1241 382 iter
1263 337 1340 400 qua
1449 322 1451 335 '

124 419 274 506 faciebat,
297 423 459 490 reficiendi
480 445 515 490 se
536 437 570 490 et
587 427 719 492 curandi
743 437 884 511 potestas
906 427 978 490 fuit.
1024 425 1143 490 Aderat
1165 424 1338 506 hospitum

123 533 278 598 invitatio
304 535 445 602 liberalis
471 558 528 624 pro
552 539 714 624 dignitate
742 541 861 604 summi
888 541 951 602 viri
981 551 1015 602 et
1040 557 1150 602 eorum
1177 535 1338 616 hautio,

122 637 177 718 qui
193 657 258 702 una
272 649 363 704 erant
375 641 480 726 missi,
500 643 540 706 ad
552 643 816 727 requiescendum
835 645 970 707 etvitae
990 662 1066 706 suae
1086 639 1337 705 consulendum.

94 741 168 806 sAt
200 741 254 806 ille
283 763 465 829 properans,
491 745 664 832 festinans,
690 747 844 812 mandata
869 757 977 810 vestra
1001 745 1157 815 conficere
1182 744 1337 826 cupiens,
1465 793 1466 828 3

124 847 159 908 in
186 845 246 910 hac
272 851 457 914 constantia
488 852 599 915 morbo
628 851 818 915 adversante
844 852 1069 935 perseveravit.
1122 847 1225 914 Cuius
1254 863 1370 914 ctrmr
1454 825 1463 955 ¹,

123 948 264 1014 adventu
288 954 429 1018 maxime
454 957 652 1038 perturbatus
676 965 761 1020 esset
784 956 960 1039 Antonius,
981 953 1066 1039 quod
1088 974 1139 1038 ea,
1160 971 1242 1035 quae
1264 950 1336 1013 sibi
1462 955 1466 1050 l

124 1059 211 1121 iussu
237 1067 344 1122 vestro
374 1059 649 1148 denuntiarentur,
675 1065 866 1128 auctoritate
895 1073 988 1127 erant
1013 1073 1047 1126 et
1073 1061 1239 1126 sententia
1264 1059 1335 1123 ser.
1458 1026 1466 1116 'l

123 1161 257 1245 Sulpicii
284 1163 474 1250 constituta,
497 1165 673 1231 declaravit
696 1186 793 1250 quam
819 1167 940 1230 odisset
966 1175 1127 1249 senatum,
1152 1183 1227 1228 cum
1254 1181 1335 1225 auc·

79 1276 225 1330 retorem
240 1276 371 1340 senabrs
386 1271 581 1335 exstinctum
597 1271 678 1334 laete
693 1281 788 1354 atque
808 1273 985 1335 insolenter
999 1270 1084 1334 tulit.
1129 1267 1211 1331 Non
1230 1269 1335 1350 igitur
1460 1300 1464 1372 l

124 1373 227 1454 magis
257 1371 412 1456 Leptines
441 1373 618 1438 Octavium
648 1395 709 1438 nec
734 1375 922 1439 Veientium
949 1394 1002 1438 rex
1029 1393 1097 1456 eos,
1122 1391 1201 1455 quos
1232 1371 1335 1434 modo
1459 1425 1466 1456 ,

124 1475 305 1558 nominavi,
329 1493 425 1558 quam
447 1476 510 1541 Ser.
533 1477 707 1560 Sulpicium
730 1477 849 1542 occidit
871 1477 1045 1542 Antonius.
1091 1476 1123 1538 ls
1144 1477 1235 1538 enim
1257 1494 1332 1558 pro-

124 1577 210 1642 fecto
232 1589 367 1642 mortem
389 1580 510 1665 attulit,
533 1582 588 1664 qui
611 1602 707 1646 causa
727 1583 839 1647 mortis
861 1581 935 1645 fuit.
979 1569 1144 1669 roirca
1164 1581 1266 1643 etiam
1288 1579 1330 1641 ad

124 1683 321 1764 posteritatis
347 1685 537 1749 memoriam
564 1687 723 1770 pertinere
745 1687 881 1750 arbitror
901 1694 1038 1769 exstare,
1057 1685 1142 1767 quod
1168 1684 1264 1746 fuerit
1288 1681 1329 1745 de

80 1801 109 1850 ¹5
124 1786 184 1848 hoc
199 1785 282 1850 bello
297 1787 452 1852 iudicium
467 1801 607 1854 senatus.
638 1789 807 1855 Eritenim
818 1799 924 1854 statua
939 1791 1009 1873 ipsa
1017 1790 1112 1852 testis
1128 1789 1246 1850 bellum
1258 1795 1329 1850 tam
1461 1855 1466 1866 Α

123 1908 219 1974 grave
234 1889 344 1974 fuisse,
358 1901 394 1954 ut
414 1892 511 1976 legati
532 1895 683 1958 interitus
704 1895 833 1959 honoris
854 1895 1044 1958 memoriam
1062 1901 1251 1956 consecutus
1271 1891 1328 1953 sit.
1462 1919 1466 2000 p

124 1993 220 2080 Qod
246 1995 273 2058 si
299 1997 540 2062 excusationem
561 1998 625 2063 Ser.
648 1999 791 2083 Sulpicii,
814 2007 919 2082 patres
943 1997 1130 2081 conscripti,
1154 1995 1327 2080 legationis
1342 1995 1378 2061 4
1464 2019 1466 2136 p

123 2097 289 2162 obeundae
318 2101 474 2164 recordari
505 2101 683 2186 volueritis,
711 2101 799 2166 nulla
827 2101 989 2166 dubitatio
1023 2101 1216 2182 relinquetur
1245 2099 1325 2180 quin
1342 2119 1367 2165 a
1457 2035 1466 2200 Ε

124 2203 245 2266 honore
274 2205 403 2287 mortui,
432 2223 528 2287 quam
557 2207 635 2268 vivo
664 2207 817 2268 iniuriam
843 2205 991 2288 fecimus,
1019 2205 1203 2267 sarciamus.
1259 2201 1326 2265 Vos

79 2321 113 2358 πο
124 2309 225 2390 enim,
246 2317 351 2392 patres
369 2309 696 2392 conscripti‚-grave
714 2307 802 2372 dictu
825 2319 885 2392 est,
900 2307 956 2370 sed
977 2307 1150 2371 dicendum
1169 2315 1326 2370 tamen-

123 2431 194 2496 vos,
218 2413 360 2494 inquam,
382 2411 446 2476 Ser.
467 2411 643 2495 Sulpicium
667 2412 737 2474 vita
759 2413 930 2495 privastis:
955 2430 1050 2494 quem
1075 2430 1150 2474 cum
1171 2408 1325 2472 videretis

123 2535 157 2578 re
183 2517 287 2600 magis
313 2516 460 2580 morbum
484 2533 580 2598 quam
606 2516 754 2579 oratione
779 2523 997 2598 excusantem,
1023 2533 1090 2577 non
1113 2533 1171 2578 vos
1194 2512 1326 2596 quidem

123 2619 265 2683 crudeles
280 2617 506 2702 fluistis-quid
528 2619 618 2681 enim
640 2619 748 2682 minus
770 2619 806 2682 in
826 2617 911 2681 hunc
933 2620 1080 2682 ordinem
1102 2619 1257 2682 convenit
1268 2617 1327 2680 Ρ,-

123 2723 180 2788 sed
209 2743 282 2788 cum
312 2724 480 2806 speraretis
510 2722 593 2786 nihil
623 2741 704 2806 esse,
734 2721 818 2805 quod
852 2741 919 2785 non
949 2721 1035 2785 illius
1068 2723 1258 2786 auctoritate
1290 2730 1325 2782 et

80 2834 109 2888 ²⁵
123 2829 284 2913 sapientia
310 2825 393 2890 effici
418 2835 537 2910 posset,
557 2824 781 2889 vehementius
805 2827 1004 2889 excusationi
1030 2825 1205 2889 obstitistis
1229 2833 1325 2907 atque

123 2953 209 3016 eum,
235 2933 289 3016 qui
317 2948 442 3014 semper
467 2939 608 2994 vestrum
634 2947 826 2992 consensum
850 2930 1078 3014 gravissimum
1104 2929 1324 3010 iudicavisset,

156 3175 180 3227 9.
199 3165 345 3212 Auctorem
371 3172 488 3216 senetur.
517 3162 576 3210 ‘the
603 3164 700 3211 renite'r
749 3162 1010 3224 onlydeamonrrmerrt
1022 3161 1092 3225 osbc'r
1106 3159 1327 3224 dealbandas&

123 3227 320 3288 representative3'
354 3241 389 3287 cp.
421 3241 464 3286 pro
492 3227 569 3275 Flacc.
601 3239 638 3288 15.
667 3226 699 3291 36
749 3229 976 3292 unate’rgrotr'trrdr.
1465 3219 1466 3258 l

123 3291 607 3340 ‘Praeclrrnrsirteruaeeiritatisruetor.'
786 3304 823 3356 17.
841 3295 1050 3344 Excusationent
1083 3295 1231 3360 legationis
1261 3293 1326 3340 obe·
1465 3263 1466 3324 1

157 3354 196 3407 16.
216 3358 336 3406 Honoris
356 3357 526 3410 memoriam.
547 3356 603 3404 ‘the
620 3359 699 3404 record
750 3363 847 3414 undae.
869 3359 918 3408 ‘lrir
937 3361 987 3422 pler
1006 3362 1042 3409 ior
1062 3361 1177 3424 deelining
1198 3359 1239 3407 the
1260 3371 1325 3405 com.
1456 3377 1466 3430 4

123 3422 378 3484 otsputltehonour:
428 3488 433 3498 ·
749 3426 893 3482 missionoi
909 3427 1069 3475 ambariador.'
1114 3426 1172 3474 This
1198 3427 1216 3472 it
1241 3439 1254 3471 a
1276 3437 1325 3470 rere
1465 3461 1466 3488 ,

123 3498 261 3617 iniri}
280 3488 413 3616 {litii
424 3485 563 3601 {W
573 3495 700 3614 att
748 3493 1324 3622 ttgmtllgtlnt‘tttt'l‘ctl't

123 3619 206 3684 reding
216 3619 279 3666 aride
295 3619 331 3668 tire
346 3634 435 3667 emer
451 3619 523 3668 witer
539 3619 606 3667 born·
623 3620 701 3682 edsor
749 3621 789 3669 the
801 3623 920 3670 subsitum
932 3623 960 3670 ol
968 3620 1108 3669 theucuse.
1141 3621 1186 3667 We
1198 3621 1253 3674 lind.
1276 3635 1325 3666 orr-

123 3686 250 3748 ereemption
260 3685 328 3744 from
344 3685 388 3733 ut·
403 3685 492 3733 cervice.
528 3686 553 3733 It
632 3685 700 3733 mode
750 3701 810 3742 ever,
831 3687 963 3734 ‘excusatio
979 3687 1082 3748 perna:
1099 3686 1128 3733 de
1147 3687 1201 3732 Am.
1221 3697 1258 3740 ιι,
1276 3693 1324 3745 m

123 3752 159 3800 tire
170 3753 270 3798 inimus
280 3752 311 3812 os
316 3751 351 3799 thr
359 3757 414 3797 uate
421 3765 437 3796 n
445 3749 527 3814 br'ghrr
534 3751 700 3799 consideration
749 3753 923 3800 ‘excitationes
935 3752 1046 3810 iniuriae,’
1058 3767 1099 3814 pro
1110 3751 1163 3798 Sull.
1177 3747 1214 3806 16,
1227 3758 1267 3812 47.

123 3815 471 3879 tbnnbislr'sanndtuorebur
485 3816 702 3878 peculiarlyborrnd
783 3829 821 3866 aa.
840 3819 881 3866 Re
901 3815 1259 3884 magir,duc..‘otlorcingthe
1274 3814 1325 3875 ples

123 3883 267 3947 topoybim
283 3881 545 3930 meminissent.
580 3882 634 3930 Tirir
652 3898 700 3930 war
749 3883 777 3929 oi
794 3881 867 3930 illness
887 3884 920 3945 by
939 3883 974 3931 his
991 3884 1059 3932 loolu
1077 3897 1141 3930 more
1161 3883 1217 3932 than
1239 3882 1270 3943 by
1289 3880 1325 3926 hir

123 3949 247 3998 durabis
250 3946 700 4010 firmanunderpenlrllyrorbusenr·
749 3949 838 3996 worda·
872 3949 925 3996 The
943 3950 1000 3996 later
1019 3949 1085 3996 Mss,
1102 3949 1162 3996 bare
1178 3947 1232 4002 ‘ra'
1245 3945 1325 3994 amis·

1465 3613 1466 3658 l

120 4014 263 4080 plnryfilr'ol
270 4015 330 4077 pirty
340 4012 410 4074 osbir
422 4027 471 4068 ton.
482 4013 532 4062 ubo
548 4029 598 4062 tuus
610 4013 706 4075 bimis
749 4012 805 4061 take
815 4013 892 4061 which
903 4013 945 4062 hu
956 4015 1024 4078 giren
1032 4014 1075 4062 rire
1083 4022 1109 4061 to
1120 4014 1160 4060 the
1171 4011 1258 4060 further
1270 4011 1325 4058 false
1448 3935 1466 4107 ‘f

123 4081 160 4129 ue
180 4083 226 4130 beel
247 4079 367 4128 mernor-lul
388 4077 417 4138 os
434 4077 468 4126 bie
483 4077 584 4140 fueber'r
607 4080 699 4128 virtues
749 4079 952 4142 reading‘morbo
960 4081 974 4136 ;'
986 4081 1028 4128 but
1037 4081 1076 4127 the
1085 4075 1324 4137 antithesiteridently
1460 4110 1466 4146 ,

126 4143 701 4208 I'benumoryosbr'rlisrwurruffieiendyreerrnd
749 4144 768 4190 ir
785 4143 892 4192 intended
909 4155 936 4192 to
953 4146 982 4193 be
997 4147 1100 4193 between
1113 4143 1154 4192 the
1168 4143 1238 4205 prom
1250 4141 1278 4190 of
1290 4140 1324 4188 ill·

123 4211 202 4270 lybie
219 4212 348 4266 rmum,
364 4211 414 4258 arrd
430 4209 465 4256 bit
480 4209 619 4271 unrprrulled
635 4209 700 4272 legul
749 4223 800 4254 nera
816 4208 885 4270 given
902 4211 934 4270 by
945 4209 980 4256 his
990 4211 1073 4266 words,
1085 4209 1130 4256 and
1146 4208 1199 4257 that
1208 4207 1286 4256 ritible
1301 4205 1323 4254 in

123 4275 175 4324 stall
185 4277 371 4340 undjudgmrnt,
380 4289 405 4322 ro
418 4275 468 4322 tlrot
481 4273 526 4320 ebir
541 4280 612 4320 rtem
622 4271 701 4319 would
749 4271 785 4318 his
796 4281 912 4318 womout
923 4274 966 4319 and
979 4273 1051 4320 feeble
1062 4273 1136 4322 looks.
1458 4232 1464 4415 ἱ

1457 4460 1464 4593 l
