<?xml version="1.0" encoding="UTF-8"?>
<!DOCTYPE html PUBLIC "-//W3C//DTD XHTML 1.0 Transitional//EN"
    "http://www.w3.org/TR/xhtml1/DTD/xhtml1-transitional.dtd">
<html xmlns="http://www.w3.org/1999/xhtml" xml:lang="en" lang="en">
 <head>
  <title>
</title>
<meta http-equiv="Content-Type" content="text/html;charset=utf-8" />
  <meta name='ocr-system' content='tesseract 3.04.00' />
  <meta name='ocr-capabilities' content='ocr_page ocr_carea ocr_par ocr_line ocrx_word'/>
</head>
<body>
  <div class='ocr_page' id='page_1' title='image "./philippicoratio02cicegoog_0244.png"; bbox 0 0 2998 4706; ppageno 0'>
   <div class='ocr_carea' id='block_1_1' title="bbox 137 218 1340 308">
    <p class='ocr_par' dir='ltr' id='par_1_1' title="bbox 137 218 1340 308">
     <span class='ocr_line' id='line_1_1' title="bbox 137 218 1340 308; baseline 0.01 -30"><span class='ocrx_word' id='word_1_1' title='bbox 137 222 169 278; x_wconf 79' lang='lat' dir='ltr'>ii</span> <span class='ocrx_word' id='word_1_2' title='bbox 182 223 276 272; x_wconf 79' lang='lat'>0-10.</span> <span class='ocrx_word' id='word_1_3' title='bbox 469 218 554 294; x_wconf 66' lang='lat' dir='ltr'>omi</span> <span class='ocrx_word' id='word_1_4' title='bbox 563 219 639 278; x_wconf 87' lang='lat' dir='ltr'>TIO</span> <span class='ocrx_word' id='word_1_5' title='bbox 666 221 940 284; x_wconf 85' lang='lat' dir='ltr'><em>PHILIPPICA</em></span> <span class='ocrx_word' id='word_1_6' title='bbox 966 224 1011 286; x_wconf 87' lang='lat' dir='ltr'>X.</span> <span class='ocrx_word' id='word_1_7' title='bbox 1278 241 1340 308; x_wconf 74' lang='lat'>229</span> 
     </span>
    </p>
   </div>
   <div class='ocr_carea' id='block_1_2' title="bbox 75 371 1385 2636">
    <p class='ocr_par' dir='ltr' id='par_1_2' title="bbox 135 371 1366 984">
     <span class='ocr_line' id='line_1_2' title="bbox 136 371 1343 466; baseline 0.014 -34"><span class='ocrx_word' id='word_1_8' title='bbox 136 371 309 456; x_wconf 86' lang='lat' dir='ltr'>propinqui</span> <span class='ocrx_word' id='word_1_9' title='bbox 324 375 387 459; x_wconf 89' lang='lat' dir='ltr'>sui,</span> <span class='ocrx_word' id='word_1_10' title='bbox 402 375 485 440; x_wconf 88' lang='lat' dir='ltr'>nihil</span> <span class='ocrx_word' id='word_1_11' title='bbox 502 379 567 442; x_wconf 87' lang='lat' dir='ltr'>nisi</span> <span class='ocrx_word' id='word_1_12' title='bbox 582 377 623 441; x_wconf 89' lang='lat' dir='ltr'>de</span> <span class='ocrx_word' id='word_1_13' title='bbox 643 398 722 463; x_wconf 90' lang='lat' dir='ltr'>pace</span> <span class='ocrx_word' id='word_1_14' title='bbox 745 385 779 444; x_wconf 89' lang='lat' dir='ltr'>et</span> <span class='ocrx_word' id='word_1_15' title='bbox 802 382 975 446; x_wconf 89' lang='lat' dir='ltr'>concordia</span> <span class='ocrx_word' id='word_1_16' title='bbox 989 383 1112 446; x_wconf 82' lang='lat' dir='ltr'>civium</span> <span class='ocrx_word' id='word_1_17' title='bbox 1129 384 1343 466; x_wconf 83' lang='lat' dir='ltr'>cogitantem.</span> 
     </span>
     <span class='ocr_line' id='line_1_3' title="bbox 137 471 1339 570; baseline 0.012 -34"><span class='ocrx_word' id='word_1_18' title='bbox 137 471 285 540; x_wconf 87' lang='lat' dir='ltr'>Eundem</span> <span class='ocrx_word' id='word_1_19' title='bbox 299 478 368 541; x_wconf 82' lang='lat' dir='ltr'>vidi</span> <span class='ocrx_word' id='word_1_20' title='bbox 389 490 502 563; x_wconf 86' lang='lat' dir='ltr'>postca</span> <span class='ocrx_word' id='word_1_21' title='bbox 516 479 630 546; x_wconf 86' lang='lat' dir='ltr'>Veliae</span> <span class='ocrx_word' id='word_1_22' title='bbox 649 482 820 548; x_wconf 86' lang='lat' dir='ltr'>cedentem</span> <span class='ocrx_word' id='word_1_23' title='bbox 839 483 948 570; x_wconf 82' lang='lat' dir='ltr'>Italia,</span> <span class='ocrx_word' id='word_1_24' title='bbox 964 505 1005 549; x_wconf 91' lang='lat' dir='ltr'>ne</span> <span class='ocrx_word' id='word_1_25' title='bbox 1022 505 1086 568; x_wconf 85' lang='lat' dir='ltr'>qua</span> <span class='ocrx_word' id='word_1_26' title='bbox 1105 494 1247 550; x_wconf 88' lang='lat' dir='ltr'>oreretur</span> <span class='ocrx_word' id='word_1_27' title='bbox 1261 487 1339 550; x_wconf 91' lang='lat' dir='ltr'>belli</span> 
     </span>
     <span class='ocr_line' id='line_1_4' title="bbox 136 577 1340 671; baseline 0.012 -32"><span class='ocrx_word' id='word_1_28' title='bbox 136 577 247 641; x_wconf 84' lang='lat' dir='ltr'>civilis</span> <span class='ocrx_word' id='word_1_29' title='bbox 275 599 370 644; x_wconf 84' lang='lat' dir='ltr'>causa</span> <span class='ocrx_word' id='word_1_30' title='bbox 395 592 522 669; x_wconf 91' lang='lat' dir='ltr'>propter</span> <span class='ocrx_word' id='word_1_31' title='bbox 551 605 597 648; x_wconf 90' lang='lat' dir='ltr'>se.</span> <span class='ocrx_word' id='word_1_32' title='bbox 649 587 682 650; x_wconf 92' lang='grc' dir='ltr'>Ο</span> <span class='ocrx_word' id='word_1_33' title='bbox 705 587 921 671; x_wconf 84' lang='lat' dir='ltr'>spectaculum</span> <span class='ocrx_word' id='word_1_34' title='bbox 952 587 1030 652; x_wconf 90' lang='lat' dir='ltr'>illud</span> <span class='ocrx_word' id='word_1_35' title='bbox 1060 607 1127 652; x_wconf 92' lang='lat' dir='ltr'>non</span> <span class='ocrx_word' id='word_1_36' title='bbox 1156 587 1254 654; x_wconf 90' lang='lat' dir='ltr'>modo</span> <span class='ocrx_word' id='word_1_37' title='bbox 1283 589 1340 654; x_wconf 90' lang='lat' dir='ltr'>ho-</span> 
     </span>
     <span class='ocr_line' id='line_1_5' title="bbox 136 681 1341 777; baseline 0.01 -31"><span class='ocrx_word' id='word_1_38' title='bbox 136 681 291 768; x_wconf 84' lang='lat' dir='ltr'>minibus,</span> <span class='ocrx_word' id='word_1_39' title='bbox 311 684 368 748; x_wconf 89' lang='lat' dir='ltr'>sed</span> <span class='ocrx_word' id='word_1_40' title='bbox 390 687 486 750; x_wconf 90' lang='lat' dir='ltr'>undis</span> <span class='ocrx_word' id='word_1_41' title='bbox 508 689 588 772; x_wconf 90' lang='lat' dir='ltr'>ipsis</span> <span class='ocrx_word' id='word_1_42' title='bbox 609 698 643 752; x_wconf 92' lang='lat' dir='ltr'>et</span> <span class='ocrx_word' id='word_1_43' title='bbox 665 689 812 753; x_wconf 90' lang='lat' dir='ltr'>litoribus</span> <span class='ocrx_word' id='word_1_44' title='bbox 834 691 1031 756; x_wconf 86' lang='lat' dir='ltr'>luctuosum!</span> <span class='ocrx_word' id='word_1_45' title='bbox 1054 691 1167 758; x_wconf 86' lang='lat' dir='ltr'>cedere</span> <span class='ocrx_word' id='word_1_46' title='bbox 1191 713 1210 756; x_wconf 92' lang='lat' dir='ltr'>e</span> <span class='ocrx_word' id='word_1_47' title='bbox 1234 695 1341 777; x_wconf 79' lang='lat' dir='ltr'>patria</span> 
     </span>
     <span class='ocr_line' id='line_1_6' title="bbox 135 789 1366 878; baseline 0.01 -31"><span class='ocrx_word' id='word_1_48' title='bbox 135 793 330 851; x_wconf 89' lang='lat' dir='ltr'>servatorem</span> <span class='ocrx_word' id='word_1_49' title='bbox 360 789 441 872; x_wconf 89' lang='lat' dir='ltr'>eius,</span> <span class='ocrx_word' id='word_1_50' title='bbox 472 810 602 855; x_wconf 87' lang='lat' dir='ltr'>manere</span> <span class='ocrx_word' id='word_1_51' title='bbox 632 794 667 855; x_wconf 93' lang='lat' dir='ltr'>in</span> <span class='ocrx_word' id='word_1_52' title='bbox 696 795 801 877; x_wconf 84' lang='lat' dir='ltr'>patria</span> <span class='ocrx_word' id='word_1_53' title='bbox 829 795 1028 878; x_wconf 82' lang='lat' dir='ltr'>perditores!</span> <span class='ocrx_word' id='word_1_54' title='bbox 1087 794 1197 860; x_wconf 84' lang='lat' dir='ltr'>Cassii</span> <span class='ocrx_word' id='word_1_55' title='bbox 1227 796 1366 860; x_wconf 78' lang='lat' dir='ltr'>classist</span> 
     </span>
     <span class='ocr_line' id='line_1_7' title="bbox 135 889 1339 984; baseline 0.008 -33"><span class='ocrx_word' id='word_1_56' title='bbox 135 889 247 970; x_wconf 86' lang='lat' dir='ltr'>paucis</span> <span class='ocrx_word' id='word_1_57' title='bbox 261 907 333 974; x_wconf 90' lang='lat' dir='ltr'>post</span> <span class='ocrx_word' id='word_1_58' title='bbox 348 891 461 958; x_wconf 86' lang='lat' dir='ltr'>diebus</span> <span class='ocrx_word' id='word_1_59' title='bbox 476 896 737 980; x_wconf 75' lang='lat' dir='ltr'>consequebatur,</span> <span class='ocrx_word' id='word_1_60' title='bbox 753 906 788 960; x_wconf 91' lang='lat' dir='ltr'>ut</span> <span class='ocrx_word' id='word_1_61' title='bbox 802 916 855 960; x_wconf 91' lang='lat' dir='ltr'>me</span> <span class='ocrx_word' id='word_1_62' title='bbox 871 897 1014 984; x_wconf 85' lang='lat' dir='ltr'>puderet,</span> <span class='ocrx_word' id='word_1_63' title='bbox 1031 907 1136 983; x_wconf 86' lang='lat' dir='ltr'>patres</span> <span class='ocrx_word' id='word_1_64' title='bbox 1150 899 1339 984; x_wconf 84' lang='lat' dir='ltr'>conscripti,</span> 
     </span>
    </p>

    <p class='ocr_par' dir='ltr' id='par_1_3' title="bbox 93 992 1385 1496">
     <span class='ocr_line' id='line_1_8' title="bbox 93 992 1340 1086; baseline 0.011 -34"><span class='ocrx_word' id='word_1_65' title='bbox 93 1004 120 1052; x_wconf 80' lang='lat'>9</span> <span class='ocrx_word' id='word_1_66' title='bbox 137 992 174 1054; x_wconf 92' lang='lat' dir='ltr'>in</span> <span class='ocrx_word' id='word_1_67' title='bbox 196 1011 268 1058; x_wconf 83' lang='lat' dir='ltr'>earn</span> <span class='ocrx_word' id='word_1_68' title='bbox 288 995 399 1059; x_wconf 89' lang='lat' dir='ltr'>urbem</span> <span class='ocrx_word' id='word_1_69' title='bbox 420 996 536 1083; x_wconf 88' lang='lat' dir='ltr'>redire,</span> <span class='ocrx_word' id='word_1_70' title='bbox 557 1018 596 1062; x_wconf 86' lang='lat' dir='ltr'>ert</span> <span class='ocrx_word' id='word_1_71' title='bbox 617 1019 681 1084; x_wconf 89' lang='lat' dir='ltr'>qua</span> <span class='ocrx_word' id='word_1_72' title='bbox 701 999 752 1062; x_wconf 88' lang='lat' dir='ltr'>ilii</span> <span class='ocrx_word' id='word_1_73' title='bbox 777 1000 914 1064; x_wconf 90' lang='lat' dir='ltr'>abirent.</span> <span class='ocrx_word' id='word_1_74' title='bbox 957 1001 1018 1067; x_wconf 91' lang='lat' dir='ltr'>Sed</span> <span class='ocrx_word' id='word_1_75' title='bbox 1041 1021 1104 1086; x_wconf 91' lang='lat' dir='ltr'>quo</span> <span class='ocrx_word' id='word_1_76' title='bbox 1129 1002 1268 1068; x_wconf 88' lang='lat' dir='ltr'>consilio</span> <span class='ocrx_word' id='word_1_77' title='bbox 1290 1022 1340 1066; x_wconf 87' lang='lat' dir='ltr'>re-</span> 
     </span>
     <span class='ocr_line' id='line_1_9' title="bbox 134 1093 1378 1189; baseline 0.006 -31"><span class='ocrx_word' id='word_1_78' title='bbox 134 1093 265 1180; x_wconf 88' lang='lat' dir='ltr'>dierim,</span> <span class='ocrx_word' id='word_1_79' title='bbox 296 1098 396 1163; x_wconf 90' lang='lat' dir='ltr'>initio</span> <span class='ocrx_word' id='word_1_80' title='bbox 424 1099 573 1187; x_wconf 83' lang='lat' dir='ltr'>audistis,</span> <span class='ocrx_word' id='word_1_81' title='bbox 601 1111 675 1187; x_wconf 88' lang='lat' dir='ltr'>post</span> <span class='ocrx_word' id='word_1_82' title='bbox 705 1103 784 1166; x_wconf 89' lang='lat' dir='ltr'>estis</span> <span class='ocrx_word' id='word_1_83' title='bbox 811 1105 959 1188; x_wconf 78' lang='lat' dir='ltr'>expertis</span> <span class='ocrx_word' id='word_1_84' title='bbox 993 1098 1214 1188; x_wconf 79' lang='lat' dir='ltr'>exspectatum</span> <span class='ocrx_word' id='word_1_85' title='bbox 1240 1105 1340 1189; x_wconf 88' lang='lat' dir='ltr'>igitur</span> <span class='ocrx_word' id='word_1_86' title='bbox 1372 1178 1378 1187; x_wconf 28' lang='grc' dir='ltr'>ι</span> 
     </span>
     <span class='ocr_line' id='line_1_10' title="bbox 133 1201 1339 1293; baseline 0.009 -32"><span class='ocrx_word' id='word_1_87' title='bbox 133 1206 262 1284; x_wconf 88' lang='lat' dir='ltr'>tempus</span> <span class='ocrx_word' id='word_1_88' title='bbox 284 1221 305 1265; x_wconf 90' lang='lat' dir='ltr'>a</span> <span class='ocrx_word' id='word_1_89' title='bbox 326 1201 423 1266; x_wconf 90' lang='lat' dir='ltr'>Bruto</span> <span class='ocrx_word' id='word_1_90' title='bbox 445 1213 504 1268; x_wconf 91' lang='lat' dir='ltr'>est.</span> <span class='ocrx_word' id='word_1_91' title='bbox 548 1205 639 1270; x_wconf 90' lang='lat' dir='ltr'>Nam</span> <span class='ocrx_word' id='word_1_92' title='bbox 658 1205 762 1290; x_wconf 82' lang='lat' dir='ltr'>quoad</span> <span class='ocrx_word' id='word_1_93' title='bbox 778 1226 835 1270; x_wconf 88' lang='lat' dir='ltr'>vos</span> <span class='ocrx_word' id='word_1_94' title='bbox 857 1208 970 1272; x_wconf 86' lang='lat' dir='ltr'>omnia</span> <span class='ocrx_word' id='word_1_95' title='bbox 991 1209 1060 1291; x_wconf 85' lang='lat' dir='ltr'>pati</span> <span class='ocrx_word' id='word_1_96' title='bbox 1082 1208 1178 1293; x_wconf 88' lang='lat' dir='ltr'>vidit,</span> <span class='ocrx_word' id='word_1_97' title='bbox 1192 1227 1268 1272; x_wconf 88' lang='lat' dir='ltr'>usus</span> <span class='ocrx_word' id='word_1_98' title='bbox 1288 1216 1339 1272; x_wconf 89' lang='lat' dir='ltr'>est</span> 
     </span>
     <span class='ocr_line' id='line_1_11' title="bbox 134 1302 1385 1393; baseline 0.01 -31"><span class='ocrx_word' id='word_1_99' title='bbox 134 1302 204 1385; x_wconf 87' lang='lat' dir='ltr'>ipse</span> <span class='ocrx_word' id='word_1_100' title='bbox 227 1305 410 1370; x_wconf 87' lang='lat' dir='ltr'>incredibili</span> <span class='ocrx_word' id='word_1_101' title='bbox 432 1309 614 1391; x_wconf 85' lang='lat' dir='ltr'>patientia:</span> <span class='ocrx_word' id='word_1_102' title='bbox 635 1318 863 1393; x_wconf 87' lang='lat' dir='ltr'>posteaquam</span> <span class='ocrx_word' id='word_1_103' title='bbox 885 1329 943 1373; x_wconf 89' lang='lat' dir='ltr'>vos</span> <span class='ocrx_word' id='word_1_104' title='bbox 965 1310 1006 1374; x_wconf 88' lang='lat' dir='ltr'>ad</span> <span class='ocrx_word' id='word_1_105' title='bbox 1028 1310 1213 1374; x_wconf 90' lang='lat' dir='ltr'>libertatem</span> <span class='ocrx_word' id='word_1_106' title='bbox 1233 1311 1338 1376; x_wconf 81' lang='lat' dir='ltr'>sensit</span> <span class='ocrx_word' id='word_1_107' title='bbox 1353 1328 1385 1363; x_wconf 85' lang='lat'>10</span> 
     </span>
     <span class='ocr_line' id='line_1_12' title="bbox 132 1409 894 1496; baseline 0.005 -24"><span class='ocrx_word' id='word_1_108' title='bbox 132 1415 271 1492; x_wconf 87' lang='lat' dir='ltr'>erectos,</span> <span class='ocrx_word' id='word_1_109' title='bbox 285 1409 445 1492; x_wconf 85' lang='lat' dir='ltr'>praesidia</span> <span class='ocrx_word' id='word_1_110' title='bbox 459 1420 584 1476; x_wconf 84' lang='lat' dir='ltr'>vestrae</span> <span class='ocrx_word' id='word_1_111' title='bbox 599 1411 743 1476; x_wconf 80' lang='lat' dir='ltr'>libertati</span> <span class='ocrx_word' id='word_1_112' title='bbox 759 1413 894 1496; x_wconf 85' lang='lat' dir='ltr'>paravit.</span> 
     </span>
    </p>

    <p class='ocr_par' dir='ltr' id='par_1_4' title="bbox 130 1501 1381 2324">
     <span class='ocr_line' id='line_1_13' title="bbox 177 1501 1336 1600; baseline 0.005 -26"><span class='ocrx_word' id='word_1_113' title='bbox 177 1509 224 1574; x_wconf 83' lang='lat' dir='ltr'>At</span> <span class='ocrx_word' id='word_1_114' title='bbox 245 1513 297 1576; x_wconf 91' lang='lat' dir='ltr'>cui</span> <span class='ocrx_word' id='word_1_115' title='bbox 320 1515 406 1596; x_wconf 86' lang='lat' dir='ltr'>pesti</span> <span class='ocrx_word' id='word_1_116' title='bbox 429 1524 630 1598; x_wconf 81' lang='lat' dir='ltr'>quantaeque</span> <span class='ocrx_word' id='word_1_117' title='bbox 652 1515 794 1580; x_wconf 87' lang='lat' dir='ltr'>restitit!</span> <span class='ocrx_word' id='word_1_118' title='bbox 837 1501 870 1580; x_wconf 78' lang='lat' dir='ltr'>Si</span> <span class='ocrx_word' id='word_1_119' title='bbox 893 1517 983 1578; x_wconf 89' lang='lat' dir='ltr'>enim</span> <span class='ocrx_word' id='word_1_120' title='bbox 1004 1514 1045 1581; x_wconf 90' lang='lat' dir='ltr'>C.</span> <span class='ocrx_word' id='word_1_121' title='bbox 1070 1516 1233 1580; x_wconf 88' lang='lat' dir='ltr'>Antonius</span> <span class='ocrx_word' id='word_1_122' title='bbox 1252 1515 1336 1600; x_wconf 93' lang='lat' dir='ltr'>quod</span> 
     </span>
     <span class='ocr_line' id='line_1_14' title="bbox 131 1615 1335 1704; baseline 0.006 -29"><span class='ocrx_word' id='word_1_123' title='bbox 131 1615 246 1678; x_wconf 89' lang='lat' dir='ltr'>animo</span> <span class='ocrx_word' id='word_1_124' title='bbox 268 1617 452 1680; x_wconf 83' lang='lat' dir='ltr'>intenderat</span> <span class='ocrx_word' id='word_1_125' title='bbox 475 1617 622 1702; x_wconf 89' lang='lat' dir='ltr'>perficere</span> <span class='ocrx_word' id='word_1_126' title='bbox 645 1620 813 1703; x_wconf 89' lang='lat' dir='ltr'>potuisset,</span> <span class='ocrx_word' id='word_1_127' title='bbox 834 1629 891 1683; x_wconf 85' lang='lat' dir='ltr'>aut</span> <span class='ocrx_word' id='word_1_128' title='bbox 914 1620 1020 1704; x_wconf 89' lang='lat' dir='ltr'>potius</span> <span class='ocrx_word' id='word_1_129' title='bbox 1043 1620 1110 1684; x_wconf 90' lang='lat' dir='ltr'>nisi</span> <span class='ocrx_word' id='word_1_130' title='bbox 1132 1621 1201 1682; x_wconf 90' lang='lat' dir='ltr'>eius</span> <span class='ocrx_word' id='word_1_131' title='bbox 1222 1619 1335 1682; x_wconf 88' lang='lat' dir='ltr'>sceleri</span> 
     </span>
     <span class='ocr_line' id='line_1_15' title="bbox 131 1716 1336 1808; baseline 0.005 -30"><span class='ocrx_word' id='word_1_132' title='bbox 131 1718 236 1780; x_wconf 89' lang='lat' dir='ltr'>virtus</span> <span class='ocrx_word' id='word_1_133' title='bbox 263 1716 314 1782; x_wconf 92' lang='lat' dir='ltr'>M.</span> <span class='ocrx_word' id='word_1_134' title='bbox 342 1718 432 1784; x_wconf 90' lang='lat' dir='ltr'>Bruti</span> <span class='ocrx_word' id='word_1_135' title='bbox 461 1721 656 1805; x_wconf 85' lang='lat' dir='ltr'>obstitisset,</span> <span class='ocrx_word' id='word_1_136' title='bbox 685 1721 926 1807; x_wconf 81' lang='lat' dir='ltr'>Macedoniam,</span> <span class='ocrx_word' id='word_1_137' title='bbox 957 1721 1133 1808; x_wconf 85' lang='lat' dir='ltr'>Illyricum,</span> <span class='ocrx_word' id='word_1_138' title='bbox 1161 1721 1336 1786; x_wconf 87' lang='lat' dir='ltr'>Graeciam</span> 
     </span>
     <span class='ocr_line' id='line_1_16' title="bbox 131 1821 1381 1910; baseline 0.009 -26"><span class='ocrx_word' id='word_1_139' title='bbox 131 1821 397 1905; x_wconf 88' lang='lat' dir='ltr'>perdidissemus:</span> <span class='ocrx_word' id='word_1_140' title='bbox 428 1835 513 1890; x_wconf 92' lang='lat' dir='ltr'>esset</span> <span class='ocrx_word' id='word_1_141' title='bbox 537 1826 588 1888; x_wconf 91' lang='lat' dir='ltr'>vel</span> <span class='ocrx_word' id='word_1_142' title='bbox 616 1827 851 1910; x_wconf 83' lang='lat' dir='ltr'>receptaculum</span> <span class='ocrx_word' id='word_1_143' title='bbox 877 1826 968 1910; x_wconf 89' lang='lat' dir='ltr'>pulso</span> <span class='ocrx_word' id='word_1_144' title='bbox 990 1827 1139 1890; x_wconf 86' lang='lat' dir='ltr'>Antonio</span> <span class='ocrx_word' id='word_1_145' title='bbox 1164 1825 1216 1889; x_wconf 84' lang='lat' dir='ltr'>vel</span> <span class='ocrx_word' id='word_1_146' title='bbox 1241 1844 1336 1908; x_wconf 65' lang='lat' dir='ltr'>agger</span> <span class='ocrx_word' id='word_1_147' title='bbox 1351 1843 1381 1895; x_wconf 67' lang='grc' dir='ltr'>τε</span> 
     </span>
     <span class='ocr_line' id='line_1_17' title="bbox 131 1925 1341 2013; baseline 0.001 -24"><span class='ocrx_word' id='word_1_148' title='bbox 131 1925 364 2010; x_wconf 86' lang='lat' dir='ltr'>oppugnandae</span> <span class='ocrx_word' id='word_1_149' title='bbox 388 1926 505 1992; x_wconf 89' lang='lat' dir='ltr'>Italiae</span> <span class='ocrx_word' id='word_1_150' title='bbox 528 1927 686 1994; x_wconf 81' lang='lat' dir='ltr'>Graecia:</span> <span class='ocrx_word' id='word_1_151' title='bbox 714 1949 794 2012; x_wconf 86' lang='lat' dir='ltr'>quae</span> <span class='ocrx_word' id='word_1_152' title='bbox 816 1928 949 2013; x_wconf 87' lang='lat' dir='ltr'>quidem</span> <span class='ocrx_word' id='word_1_153' title='bbox 973 1949 1059 1994; x_wconf 91' lang='lat' dir='ltr'>nunc</span> <span class='ocrx_word' id='word_1_154' title='bbox 1082 1927 1132 1994; x_wconf 92' lang='lat' dir='ltr'>M.</span> <span class='ocrx_word' id='word_1_155' title='bbox 1161 1928 1249 1992; x_wconf 91' lang='lat' dir='ltr'>Bruti</span> <span class='ocrx_word' id='word_1_156' title='bbox 1274 1929 1341 1990; x_wconf 89' lang='lat' dir='ltr'>irn-.</span> 
     </span>
     <span class='ocr_line' id='line_1_18' title="bbox 131 2031 1335 2116; baseline 0.002 -25"><span class='ocrx_word' id='word_1_157' title='bbox 131 2031 233 2113; x_wconf 86' lang='lat' dir='ltr'>perio,</span> <span class='ocrx_word' id='word_1_158' title='bbox 259 2032 463 2116; x_wconf 85' lang='lat' dir='ltr'>auctoritate,</span> <span class='ocrx_word' id='word_1_159' title='bbox 489 2033 593 2116; x_wconf 88' lang='lat' dir='ltr'>copiis</span> <span class='ocrx_word' id='word_1_160' title='bbox 614 2052 680 2095; x_wconf 92' lang='lat' dir='ltr'>non</span> <span class='ocrx_word' id='word_1_161' title='bbox 704 2034 861 2096; x_wconf 88' lang='lat' dir='ltr'>instructa</span> <span class='ocrx_word' id='word_1_162' title='bbox 882 2033 998 2116; x_wconf 87' lang='lat' dir='ltr'>solum,</span> <span class='ocrx_word' id='word_1_163' title='bbox 1018 2033 1073 2096; x_wconf 91' lang='lat' dir='ltr'>sed</span> <span class='ocrx_word' id='word_1_164' title='bbox 1098 2033 1199 2094; x_wconf 90' lang='lat' dir='ltr'>etiarn</span> <span class='ocrx_word' id='word_1_165' title='bbox 1221 2040 1335 2094; x_wconf 86' lang='lat' dir='ltr'>ornata</span> 
     </span>
     <span class='ocr_line' id='line_1_19' title="bbox 130 2133 1334 2221; baseline -0.002 -23"><span class='ocrx_word' id='word_1_166' title='bbox 130 2133 239 2198; x_wconf 90' lang='lat' dir='ltr'>tendit</span> <span class='ocrx_word' id='word_1_167' title='bbox 257 2135 421 2199; x_wconf 84' lang='lat' dir='ltr'>dexteram</span> <span class='ocrx_word' id='word_1_168' title='bbox 437 2133 551 2200; x_wconf 86' lang='lat' dir='ltr'>ltaliae</span> <span class='ocrx_word' id='word_1_169' title='bbox 570 2153 724 2218; x_wconf 87' lang='lat' dir='ltr'>suumque</span> <span class='ocrx_word' id='word_1_170' title='bbox 745 2137 777 2199; x_wconf 91' lang='lat' dir='ltr'>ei</span> <span class='ocrx_word' id='word_1_171' title='bbox 799 2135 995 2221; x_wconf 90' lang='lat' dir='ltr'>praesidium</span> <span class='ocrx_word' id='word_1_172' title='bbox 1016 2134 1194 2221; x_wconf 88' lang='lat' dir='ltr'>pollicetur.</span> <span class='ocrx_word' id='word_1_173' title='bbox 1238 2133 1334 2220; x_wconf 81' lang='lat' dir='ltr'>Qod</span> 
     </span>
     <span class='ocr_line' id='line_1_20' title="bbox 130 2237 1333 2324; baseline 0.001 -26"><span class='ocrx_word' id='word_1_174' title='bbox 130 2239 185 2320; x_wconf 93' lang='lat' dir='ltr'>qui</span> <span class='ocrx_word' id='word_1_175' title='bbox 215 2239 256 2301; x_wconf 91' lang='lat' dir='ltr'>ab</span> <span class='ocrx_word' id='word_1_176' title='bbox 286 2237 344 2300; x_wconf 91' lang='lat' dir='ltr'>illo</span> <span class='ocrx_word' id='word_1_177' title='bbox 372 2238 500 2303; x_wconf 88' lang='lat' dir='ltr'>abducit</span> <span class='ocrx_word' id='word_1_178' title='bbox 535 2241 725 2322; x_wconf 82' lang='lat' dir='ltr'>exercitum,</span> <span class='ocrx_word' id='word_1_179' title='bbox 754 2248 788 2302; x_wconf 89' lang='lat' dir='ltr'>et</span> <span class='ocrx_word' id='word_1_180' title='bbox 816 2249 993 2323; x_wconf 87' lang='lat' dir='ltr'>respectum</span> <span class='ocrx_word' id='word_1_181' title='bbox 1026 2237 1270 2324; x_wconf 87' lang='lat' dir='ltr'>pulcherrimum</span> <span class='ocrx_word' id='word_1_182' title='bbox 1300 2245 1333 2299; x_wconf 90' lang='lat' dir='ltr'>et</span> 
     </span>
    </p>

    <p class='ocr_par' dir='ltr' id='par_1_5' title="bbox 75 2340 1380 2532">
     <span class='ocr_line' id='line_1_21' title="bbox 75 2340 1380 2427; baseline 0.003 -25"><span class='ocrx_word' id='word_1_183' title='bbox 75 2355 116 2402; x_wconf 86' lang='lat'>10</span> <span class='ocrx_word' id='word_1_184' title='bbox 132 2340 328 2424; x_wconf 88' lang='lat' dir='ltr'>praesidium</span> <span class='ocrx_word' id='word_1_185' title='bbox 343 2341 561 2407; x_wconf 89' lang='lat' dir='ltr'>firmissimum</span> <span class='ocrx_word' id='word_1_186' title='bbox 576 2343 694 2408; x_wconf 87' lang='lat' dir='ltr'>adimit</span> <span class='ocrx_word' id='word_1_187' title='bbox 708 2346 756 2407; x_wconf 91' lang='lat' dir='ltr'>rei</span> <span class='ocrx_word' id='word_1_188' title='bbox 771 2343 927 2427; x_wconf 89' lang='lat' dir='ltr'>publicae.</span> <span class='ocrx_word' id='word_1_189' title='bbox 972 2341 1130 2426; x_wconf 83' lang='lat' dir='ltr'>Equidem</span> <span class='ocrx_word' id='word_1_190' title='bbox 1145 2342 1240 2426; x_wconf 88' lang='lat' dir='ltr'>cupio</span> <span class='ocrx_word' id='word_1_191' title='bbox 1255 2341 1333 2406; x_wconf 80' lang='lat' dir='ltr'>haec</span> <span class='ocrx_word' id='word_1_192' title='bbox 1349 2360 1380 2395; x_wconf 82' lang='lat'>²0</span> 
     </span>
     <span class='ocr_line' id='line_1_22' title="bbox 130 2445 1333 2532; baseline 0.001 -24"><span class='ocrx_word' id='word_1_193' title='bbox 130 2447 390 2529; x_wconf 85' lang='lat' dir='ltr'>quamprimum</span> <span class='ocrx_word' id='word_1_194' title='bbox 416 2448 600 2513; x_wconf 87' lang='lat' dir='ltr'>Antonium</span> <span class='ocrx_word' id='word_1_195' title='bbox 626 2448 748 2532; x_wconf 88' lang='lat' dir='ltr'>audire,</span> <span class='ocrx_word' id='word_1_196' title='bbox 774 2457 811 2512; x_wconf 93' lang='lat' dir='ltr'>ut</span> <span class='ocrx_word' id='word_1_197' title='bbox 838 2448 1003 2532; x_wconf 89' lang='lat' dir='ltr'>intelligat</span> <span class='ocrx_word' id='word_1_198' title='bbox 1029 2465 1095 2512; x_wconf 90' lang='lat' dir='ltr'>non</span> <span class='ocrx_word' id='word_1_199' title='bbox 1121 2447 1163 2510; x_wconf 90' lang='lat' dir='ltr'>D.</span> <span class='ocrx_word' id='word_1_200' title='bbox 1189 2445 1333 2532; x_wconf 76' lang='lat' dir='ltr'>Brutum,</span> 
     </span>
    </p>

    <p class='ocr_par' dir='ltr' id='par_1_6' title="bbox 88 2544 1335 2636">
     <span class='ocr_line' id='line_1_23' title="bbox 88 2544 1335 2636; baseline 0.001 -26"><span class='ocrx_word' id='word_1_201' title='bbox 88 2544 116 2610; x_wconf 82' lang='lat'><strong>5</strong></span> <span class='ocrx_word' id='word_1_202' title='bbox 130 2568 227 2631; x_wconf 83' lang='lat' dir='ltr'>quent</span> <span class='ocrx_word' id='word_1_203' title='bbox 235 2549 322 2614; x_wconf 90' lang='lat' dir='ltr'>vallo</span> <span class='ocrx_word' id='word_1_204' title='bbox 335 2549 578 2634; x_wconf 79' lang='lat' dir='ltr'>cirmmsedeat‚</span> <span class='ocrx_word' id='word_1_205' title='bbox 590 2551 645 2615; x_wconf 91' lang='lat' dir='ltr'>sed</span> <span class='ocrx_word' id='word_1_206' title='bbox 660 2573 695 2615; x_wconf 91' lang='lat' dir='ltr'>se</span> <span class='ocrx_word' id='word_1_207' title='bbox 712 2554 816 2636; x_wconf 87' lang='lat' dir='ltr'>ipsum</span> <span class='ocrx_word' id='word_1_208' title='bbox 832 2552 984 2617; x_wconf 85' lang='lat' dir='ltr'>obsideri.</span> <span class='ocrx_word' id='word_1_209' title='bbox 1017 2549 1099 2616; x_wconf 89' lang='lat' dir='ltr'>Tria</span> <span class='ocrx_word' id='word_1_210' title='bbox 1109 2559 1200 2613; x_wconf 91' lang='lat' dir='ltr'>tenet</span> <span class='ocrx_word' id='word_1_211' title='bbox 1215 2549 1335 2636; x_wconf 89' lang='lat' dir='ltr'>oppida</span> 
     </span>
    </p>
   </div>
   <div class='ocr_carea' id='block_1_3' title="bbox 125 2757 1339 4393">
    <p class='ocr_par' dir='ltr' id='par_1_7' title="bbox 125 2757 1339 4393">
     <span class='ocr_line' id='line_1_24' title="bbox 131 2757 1333 2822; baseline -0.006 -12"><span class='ocrx_word' id='word_1_212' title='bbox 131 2763 185 2810; x_wconf 78' lang='lat' dir='ltr'>land</span> <span class='ocrx_word' id='word_1_213' title='bbox 201 2762 308 2810; x_wconf 75' lang='lat' dir='ltr'>between</span> <span class='ocrx_word' id='word_1_214' title='bbox 325 2760 415 2809; x_wconf 81' lang='lat' dir='ltr'>Puteoli</span> <span class='ocrx_word' id='word_1_215' title='bbox 434 2762 479 2809; x_wconf 77' lang='lat' dir='ltr'>end</span> <span class='ocrx_word' id='word_1_216' title='bbox 496 2760 589 2822; x_wconf 82' lang='lat' dir='ltr'>Nsples.</span> <span class='ocrx_word' id='word_1_217' title='bbox 623 2761 645 2808; x_wconf 89' lang='lat' dir='ltr'>lt</span> <span class='ocrx_word' id='word_1_218' title='bbox 661 2775 709 2810; x_wconf 76' lang='lat' dir='ltr'>vtes</span> <span class='ocrx_word' id='word_1_219' title='bbox 758 2773 797 2806; x_wconf 89' lang='lat' dir='ltr'>me</span> <span class='ocrx_word' id='word_1_220' title='bbox 811 2760 894 2807; x_wconf 84' lang='lat' dir='ltr'>andere</span> <span class='ocrx_word' id='word_1_221' title='bbox 909 2757 1001 2813; x_wconf 82' lang='lat' dir='ltr'>reverti.</span> <span class='ocrx_word' id='word_1_222' title='bbox 1017 2771 1047 2804; x_wconf 86' lang='lat' dir='ltr'>ex</span> <span class='ocrx_word' id='word_1_223' title='bbox 1065 2772 1111 2819; x_wconf 82' lang='lat' dir='ltr'>qus</span> <span class='ocrx_word' id='word_1_224' title='bbox 1133 2758 1217 2804; x_wconf 86' lang='lat' dir='ltr'>Brutus</span> <span class='ocrx_word' id='word_1_225' title='bbox 1234 2757 1333 2812; x_wconf 84' lang='lat' dir='ltr'>cederet,</span> 
     </span>
     <span class='ocr_line' id='line_1_25' title="bbox 132 2821 1289 2883; baseline -0.006 -8"><span class='ocrx_word' id='word_1_226' title='bbox 132 2825 397 2875; x_wconf 83' lang='lat' dir='ltr'>intheimmedistenei</span> <span class='ocrx_word' id='word_1_227' title='bbox 431 2826 708 2874; x_wconf 82' lang='lat' dir='ltr'>bourhoodofthecele·</span> <span class='ocrx_word' id='word_1_228' title='bbox 757 2823 1078 2878; x_wconf 84' lang='lat' dir='ltr'>etiblrelletutoesse.nbi</span> <span class='ocrx_word' id='word_1_229' title='bbox 1091 2821 1289 2883; x_wconf 80' lang='lat' dir='ltr'>illenonposset.’</span> 
     </span>
     <span class='ocr_line' id='line_1_26' title="bbox 131 2887 1333 2953; baseline -0.006 -11"><span class='ocrx_word' id='word_1_230' title='bbox 131 2892 211 2942; x_wconf 80' lang='lat' dir='ltr'>bmted</span> <span class='ocrx_word' id='word_1_231' title='bbox 226 2891 364 2953; x_wconf 72' lang='lat' dir='ltr'>Neapolim</span> <span class='ocrx_word' id='word_1_232' title='bbox 396 2893 400 2902; x_wconf 95' lang='lat'>&#39;</span> <span class='ocrx_word' id='word_1_233' title='bbox 447 2891 475 2940; x_wconf 83' lang='lat' dir='ltr'>oi</span> <span class='ocrx_word' id='word_1_234' title='bbox 488 2892 707 2944; x_wconf 72' lang='lat' dir='ltr'>Lucullumndn</span> <span class='ocrx_word' id='word_1_235' title='bbox 791 2889 815 2938; x_wconf 90' lang='lat'>8.</span> <span class='ocrx_word' id='word_1_236' title='bbox 834 2891 930 2946; x_wconf 82' lang='lat' dir='ltr'>Initio,</span> <span class='ocrx_word' id='word_1_237' title='bbox 956 2897 980 2936; x_wconf 84' lang='lat' dir='ltr'>st</span> <span class='ocrx_word' id='word_1_238' title='bbox 1007 2887 1048 2936; x_wconf 86' lang='lat' dir='ltr'>the</span> <span class='ocrx_word' id='word_1_239' title='bbox 1074 2888 1200 2952; x_wconf 73' lang='lat' dir='ltr'>beginning</span> <span class='ocrx_word' id='word_1_240' title='bbox 1226 2888 1255 2934; x_wconf 85' lang='lat' dir='ltr'>of</span> <span class='ocrx_word' id='word_1_241' title='bbox 1268 2887 1333 2935; x_wconf 87' lang='lat' dir='ltr'>these</span> 
     </span>
     <span class='ocr_line' id='line_1_27' title="bbox 130 2953 1097 3018; baseline -0.007 -11"><span class='ocrx_word' id='word_1_242' title='bbox 130 2959 202 3007; x_wconf 75' lang='lat' dir='ltr'>know</span> <span class='ocrx_word' id='word_1_243' title='bbox 219 2957 279 3004; x_wconf 83' lang='lat' dir='ltr'>from</span> <span class='ocrx_word' id='word_1_244' title='bbox 294 2958 345 3004; x_wconf 80' lang='lat' dir='ltr'>An.</span> <span class='ocrx_word' id='word_1_245' title='bbox 363 2954 399 3005; x_wconf 88' lang='grc'>16.</span> <span class='ocrx_word' id='word_1_246' title='bbox 418 2969 472 3018; x_wconf 85' lang='grc'><strong>1-4,</strong></span> <span class='ocrx_word' id='word_1_247' title='bbox 490 2957 542 3004; x_wconf 86' lang='lat' dir='ltr'>thst</span> <span class='ocrx_word' id='word_1_248' title='bbox 561 2958 644 3006; x_wconf 83' lang='lat' dir='ltr'>Brutus</span> <span class='ocrx_word' id='word_1_249' title='bbox 659 2970 707 3002; x_wconf 79' lang='lat' dir='ltr'>was</span> <span class='ocrx_word' id='word_1_250' title='bbox 756 2955 867 3003; x_wconf 78' lang='lat' dir='ltr'>orations.</span> <span class='ocrx_word' id='word_1_251' title='bbox 900 2954 942 3002; x_wconf 87' lang='lat' dir='ltr'>See</span> <span class='ocrx_word' id='word_1_252' title='bbox 955 2966 977 3002; x_wconf 88' lang='lat'>1.</span> <span class='ocrx_word' id='word_1_253' title='bbox 990 2965 1004 3013; x_wconf 82' lang='lat'>3</span> <span class='ocrx_word' id='word_1_254' title='bbox 1016 2953 1061 3001; x_wconf 88' lang='lat' dir='ltr'>snd</span> <span class='ocrx_word' id='word_1_255' title='bbox 1072 2967 1097 3014; x_wconf 82' lang='grc'>4.</span> 
     </span>
     <span class='ocr_line' id='line_1_28' title="bbox 130 3019 1334 3086; baseline -0.004 -15"><span class='ocrx_word' id='word_1_256' title='bbox 130 3023 229 3086; x_wconf 80' lang='lat' dir='ltr'>residing</span> <span class='ocrx_word' id='word_1_257' title='bbox 240 3021 305 3069; x_wconf 87' lang='lat' dir='ltr'>there</span> <span class='ocrx_word' id='word_1_258' title='bbox 315 3021 384 3069; x_wconf 77' lang='lat' dir='ltr'>while</span> <span class='ocrx_word' id='word_1_259' title='bbox 395 3021 493 3086; x_wconf 79' lang='lat' dir='ltr'>making</span> <span class='ocrx_word' id='word_1_260' title='bbox 505 3021 660 3084; x_wconf 74' lang='lat' dir='ltr'>preparetions</span> <span class='ocrx_word' id='word_1_261' title='bbox 671 3023 707 3072; x_wconf 82' lang='lat' dir='ltr'>ior</span> <span class='ocrx_word' id='word_1_262' title='bbox 791 3031 830 3081; x_wconf 84' lang='lat'>15.</span> <span class='ocrx_word' id='word_1_263' title='bbox 848 3019 1062 3080; x_wconf 80' lang='lat' dir='ltr'>Receptaculum</span> <span class='ocrx_word' id='word_1_264' title='bbox 1076 3051 1116 3066; x_wconf 91' lang='lat'>...</span> <span class='ocrx_word' id='word_1_265' title='bbox 1130 3032 1212 3082; x_wconf 80' lang='lat' dir='ltr'>agger</span> <span class='ocrx_word' id='word_1_266' title='bbox 1232 3032 1334 3081; x_wconf 86' lang='lat' dir='ltr'>oppug-</span> 
     </span>
     <span class='ocr_line' id='line_1_29' title="bbox 129 3082 1332 3152; baseline -0.006 -16"><span class='ocrx_word' id='word_1_267' title='bbox 129 3090 165 3136; x_wconf 85' lang='lat' dir='ltr'>his</span> <span class='ocrx_word' id='word_1_268' title='bbox 176 3102 261 3152; x_wconf 67' lang='lat' dir='ltr'>gama.</span> <span class='ocrx_word' id='word_1_269' title='bbox 759 3087 863 3136; x_wconf 85' lang='lat' dir='ltr'>nsndse</span> <span class='ocrx_word' id='word_1_270' title='bbox 884 3085 993 3133; x_wconf 79' lang='lat' dir='ltr'>ltaliae.</span> <span class='ocrx_word' id='word_1_271' title='bbox 1026 3083 1140 3130; x_wconf 75' lang='lat' dir='ltr'>Ferrarius</span> <span class='ocrx_word' id='word_1_272' title='bbox 1158 3096 1277 3143; x_wconf 70' lang='lat' dir='ltr'>compmu</span> <span class='ocrx_word' id='word_1_273' title='bbox 1291 3082 1332 3129; x_wconf 88' lang='lat' dir='ltr'>the</span> 
     </span>
     <span class='ocr_line' id='line_1_30' title="bbox 166 3144 1334 3216; baseline -0.009 -14"><span class='ocrx_word' id='word_1_274' title='bbox 166 3167 186 3202; x_wconf 92' lang='grc'>1.</span> <span class='ocrx_word' id='word_1_275' title='bbox 198 3153 361 3216; x_wconf 84' lang='lat' dir='ltr'>Propinqui.</span> <span class='ocrx_word' id='word_1_276' title='bbox 381 3153 464 3200; x_wconf 82' lang='lat' dir='ltr'>Brutus</span> <span class='ocrx_word' id='word_1_277' title='bbox 474 3153 520 3200; x_wconf 88' lang='lat' dir='ltr'>snd</span> <span class='ocrx_word' id='word_1_278' title='bbox 531 3152 638 3200; x_wconf 84' lang='lat' dir='ltr'>Lucullus</span> <span class='ocrx_word' id='word_1_279' title='bbox 647 3167 707 3200; x_wconf 81' lang='lat' dir='ltr'>were</span> <span class='ocrx_word' id='word_1_280' title='bbox 757 3161 805 3198; x_wconf 74' lang='lat' dir='ltr'>two</span> <span class='ocrx_word' id='word_1_281' title='bbox 816 3149 896 3198; x_wconf 86' lang='lat' dir='ltr'>Greek</span> <span class='ocrx_word' id='word_1_282' title='bbox 905 3149 980 3196; x_wconf 68' lang='lat' dir='ltr'>words</span> <span class='ocrx_word' id='word_1_283' title='bbox 990 3146 1108 3209; x_wconf 71' lang='grc' dir='ltr'><strong>πρόβολος</strong></span> <span class='ocrx_word' id='word_1_284' title='bbox 1118 3149 1163 3196; x_wconf 83' lang='lat' dir='ltr'>and</span> <span class='ocrx_word' id='word_1_285' title='bbox 1171 3144 1334 3208; x_wconf 70' lang='grc' dir='ltr'>ἐποτοὶχιομο,</span> 
     </span>
     <span class='ocr_line' id='line_1_31' title="bbox 129 3211 1333 3284; baseline -0.005 -16"><span class='ocrx_word' id='word_1_286' title='bbox 129 3221 238 3270; x_wconf 85' lang='lat' dir='ltr'>cousins:</span> <span class='ocrx_word' id='word_1_287' title='bbox 272 3217 332 3266; x_wconf 85' lang='lat' dir='ltr'>their</span> <span class='ocrx_word' id='word_1_288' title='bbox 356 3218 459 3267; x_wconf 86' lang='lat' dir='ltr'>mothers</span> <span class='ocrx_word' id='word_1_289' title='bbox 486 3219 557 3284; x_wconf 87' lang='lat' dir='ltr'>being</span> <span class='ocrx_word' id='word_1_290' title='bbox 584 3217 706 3282; x_wconf 77' lang='lat' dir='ltr'>daughters</span> <span class='ocrx_word' id='word_1_291' title='bbox 756 3231 781 3263; x_wconf 86' lang='lat' dir='ltr'>ss</span> <span class='ocrx_word' id='word_1_292' title='bbox 803 3216 827 3262; x_wconf 91' lang='lat' dir='ltr'>in</span> <span class='ocrx_word' id='word_1_293' title='bbox 848 3215 909 3262; x_wconf 85' lang='lat' dir='ltr'>Xen.</span> <span class='ocrx_word' id='word_1_294' title='bbox 930 3215 986 3276; x_wconf 78' lang='lat' dir='ltr'>cyr.</span> <span class='ocrx_word' id='word_1_295' title='bbox 1007 3225 1030 3274; x_wconf 77' lang='lat'>5.</span> <span class='ocrx_word' id='word_1_296' title='bbox 1053 3225 1077 3274; x_wconf 77' lang='lat'>3.</span> <span class='ocrx_word' id='word_1_297' title='bbox 1101 3226 1133 3275; x_wconf 76' lang='lat'>²3</span> <span class='ocrx_word' id='word_1_298' title='bbox 1156 3211 1333 3268; x_wconf 70' lang='grc' dir='ltr'><strong>Ιβονλεύοοντο</strong></span> 
     </span>
     <span class='ocr_line' id='line_1_32' title="bbox 128 3276 1334 3345; baseline -0.005 -13"><span class='ocrx_word' id='word_1_299' title='bbox 128 3287 158 3332; x_wconf 83' lang='lat' dir='ltr'>oi</span> <span class='ocrx_word' id='word_1_300' title='bbox 166 3287 198 3342; x_wconf 89' lang='lat' dir='ltr'>Q.</span> <span class='ocrx_word' id='word_1_301' title='bbox 209 3283 313 3332; x_wconf 79' lang='lat' dir='ltr'>Servitus</span> <span class='ocrx_word' id='word_1_302' title='bbox 325 3283 420 3345; x_wconf 77' lang='lat' dir='ltr'>Caepio,</span> <span class='ocrx_word' id='word_1_303' title='bbox 432 3284 478 3330; x_wconf 76' lang='lat' dir='ltr'>end</span> <span class='ocrx_word' id='word_1_304' title='bbox 488 3283 622 3332; x_wconf 68' lang='lat' dir='ltr'>hell-sistens</span> <span class='ocrx_word' id='word_1_305' title='bbox 633 3283 661 3330; x_wconf 85' lang='lat' dir='ltr'>of</span> <span class='ocrx_word' id='word_1_306' title='bbox 669 3283 706 3330; x_wconf 91' lang='grc' dir='ltr'>Μ.</span> <span class='ocrx_word' id='word_1_307' title='bbox 757 3283 824 3344; x_wconf 70' lang='grc' dir='ltr'><strong>κοινῇ</strong></span> <span class='ocrx_word' id='word_1_308' title='bbox 835 3277 970 3340; x_wconf 70' lang='grc' dir='ltr'>φυλάττου</span> <span class='ocrx_word' id='word_1_309' title='bbox 981 3279 1022 3341; x_wconf 70' lang='grc' dir='ltr'>(τὸ</span> <span class='ocrx_word' id='word_1_310' title='bbox 1038 3276 1168 3340; x_wconf 74' lang='grc' dir='ltr'><strong>φρούριον),</strong></span> <span class='ocrx_word' id='word_1_311' title='bbox 1180 3276 1242 3326; x_wconf 72' lang='lat' dir='ltr'>tres</span> <span class='ocrx_word' id='word_1_312' title='bbox 1253 3277 1334 3326; x_wconf 61' lang='grc' dir='ltr'><strong>αὑτοῦ</strong></span> 
     </span>
     <span class='ocr_line' id='line_1_33' title="bbox 128 3339 1334 3406; baseline -0.005 -8"><span class='ocrx_word' id='word_1_313' title='bbox 128 3352 190 3400; x_wconf 82' lang='lat' dir='ltr'>Cato</span> <span class='ocrx_word' id='word_1_314' title='bbox 202 3349 324 3398; x_wconf 77' lang='lat' dir='ltr'>Uticensis.</span> <span class='ocrx_word' id='word_1_315' title='bbox 755 3343 801 3406; x_wconf 69' lang='lat' dir='ltr'>uls</span> <span class='ocrx_word' id='word_1_316' title='bbox 811 3343 931 3406; x_wconf 74' lang='grc' dir='ltr'>πρόβολος</span> <span class='ocrx_word' id='word_1_317' title='bbox 943 3341 979 3401; x_wconf 70' lang='lat' dir='ltr'>elo</span> <span class='ocrx_word' id='word_1_318' title='bbox 986 3343 1101 3404; x_wconf 68' lang='lat' dir='ltr'>tobinen,</span> <span class='ocrx_word' id='word_1_319' title='bbox 1109 3343 1187 3392; x_wconf 72' lang='lat' dir='ltr'>rotet·</span> <span class='ocrx_word' id='word_1_320' title='bbox 1199 3339 1334 3406; x_wconf 66' lang='grc' dir='ltr'><strong>Ἀσσυρίου</strong></span> 
     </span>
     <span class='ocr_line' id='line_1_34' title="bbox 163 3405 987 3476; baseline -0.01 -12"><span class='ocrx_word' id='word_1_321' title='bbox 163 3415 243 3464; x_wconf 86' lang='lat' dir='ltr'>Nihil</span> <span class='ocrx_word' id='word_1_322' title='bbox 264 3416 317 3463; x_wconf 89' lang='lat' dir='ltr'>nisi</span> <span class='ocrx_word' id='word_1_323' title='bbox 337 3416 370 3463; x_wconf 91' lang='lat' dir='ltr'>de</span> <span class='ocrx_word' id='word_1_324' title='bbox 389 3429 465 3476; x_wconf 81' lang='lat' dir='ltr'>pseu.</span> <span class='ocrx_word' id='word_1_325' title='bbox 506 3413 549 3475; x_wconf 84' lang='lat' dir='ltr'>Op.</span> <span class='ocrx_word' id='word_1_326' title='bbox 567 3429 580 3461; x_wconf 90' lang='lat' dir='ltr'>s</span> <span class='ocrx_word' id='word_1_327' title='bbox 598 3414 665 3462; x_wconf 89' lang='lat' dir='ltr'>letter</span> <span class='ocrx_word' id='word_1_328' title='bbox 681 3413 709 3460; x_wconf 85' lang='lat' dir='ltr'>nl</span> <span class='ocrx_word' id='word_1_329' title='bbox 756 3405 987 3469; x_wconf 68' lang='grc' dir='ltr'>ἑοιτοοοιχισμένοο.</span> 
     </span>
     <span class='ocr_line' id='line_1_35' title="bbox 129 3472 1333 3541; baseline -0.008 -11"><span class='ocrx_word' id='word_1_330' title='bbox 129 3483 214 3530; x_wconf 87' lang='lat' dir='ltr'>Brutus</span> <span class='ocrx_word' id='word_1_331' title='bbox 231 3478 278 3528; x_wconf 86' lang='lat' dir='ltr'>snd</span> <span class='ocrx_word' id='word_1_332' title='bbox 295 3479 386 3527; x_wconf 86' lang='lat' dir='ltr'>Csssius</span> <span class='ocrx_word' id='word_1_333' title='bbox 405 3488 430 3526; x_wconf 91' lang='lat' dir='ltr'>to</span> <span class='ocrx_word' id='word_1_334' title='bbox 447 3481 551 3541; x_wconf 79' lang='lat' dir='ltr'>Antony,</span> <span class='ocrx_word' id='word_1_335' title='bbox 568 3479 618 3527; x_wconf 87' lang='lat' dir='ltr'>Cle.</span> <span class='ocrx_word' id='word_1_336' title='bbox 639 3478 704 3530; x_wconf 78' lang='lat' dir='ltr'>Peru.</span> <span class='ocrx_word' id='word_1_337' title='bbox 791 3475 830 3525; x_wconf 88' lang='grc'>18.</span> <span class='ocrx_word' id='word_1_338' title='bbox 849 3477 929 3536; x_wconf 76' lang='lat' dir='ltr'>Quod</span> <span class='ocrx_word' id='word_1_339' title='bbox 949 3476 1004 3537; x_wconf 82' lang='lat' dir='ltr'>qni,</span> <span class='ocrx_word' id='word_1_340' title='bbox 1021 3472 1230 3529; x_wconf 79' lang='lat' dir='ltr'>&amp;c.,⁴srhereiore</span> <span class='ocrx_word' id='word_1_341' title='bbox 1249 3472 1271 3520; x_wconf 84' lang='lat' dir='ltr'>ii</span> <span class='ocrx_word' id='word_1_342' title='bbox 1287 3487 1333 3534; x_wconf 75' lang='lat' dir='ltr'>any</span> 
     </span>
     <span class='ocr_line' id='line_1_36' title="bbox 130 3537 1333 3606; baseline -0.008 -11"><span class='ocrx_word' id='word_1_343' title='bbox 130 3558 169 3596; x_wconf 88' lang='grc'>11.</span> <span class='ocrx_word' id='word_1_344' title='bbox 183 3560 204 3602; x_wconf 78' lang='lat' dir='ltr'>s.</span> <span class='ocrx_word' id='word_1_345' title='bbox 218 3558 230 3592; x_wconf 85' lang='grc'><strong>1</strong></span> <span class='ocrx_word' id='word_1_346' title='bbox 248 3544 314 3592; x_wconf 82' lang='lat' dir='ltr'>‘Nos</span> <span class='ocrx_word' id='word_1_347' title='bbox 325 3545 356 3592; x_wconf 83' lang='lat' dir='ltr'>sb</span> <span class='ocrx_word' id='word_1_348' title='bbox 371 3543 438 3592; x_wconf 87' lang='lat' dir='ltr'>initio</span> <span class='ocrx_word' id='word_1_349' title='bbox 450 3553 559 3606; x_wconf 74' lang='lat' dir='ltr'>spectasse</span> <span class='ocrx_word' id='word_1_350' title='bbox 575 3544 648 3592; x_wconf 87' lang='lat' dir='ltr'>otium</span> <span class='ocrx_word' id='word_1_351' title='bbox 664 3559 706 3591; x_wconf 84' lang='lat' dir='ltr'>nec</span> <span class='ocrx_word' id='word_1_352' title='bbox 756 3557 801 3589; x_wconf 89' lang='lat' dir='ltr'>one</span> <span class='ocrx_word' id='word_1_353' title='bbox 819 3542 922 3602; x_wconf 80' lang='lat' dir='ltr'>deprives</span> <span class='ocrx_word' id='word_1_354' title='bbox 934 3541 1017 3586; x_wconf 85' lang='lat' dir='ltr'>Bmtus</span> <span class='ocrx_word' id='word_1_355' title='bbox 1028 3539 1056 3586; x_wconf 82' lang='lat' dir='ltr'>ol</span> <span class='ocrx_word' id='word_1_356' title='bbox 1064 3538 1099 3586; x_wconf 87' lang='lat' dir='ltr'>his</span> <span class='ocrx_word' id='word_1_357' title='bbox 1111 3553 1184 3600; x_wconf 80' lang='lat' dir='ltr'>snny.</span> <span class='ocrx_word' id='word_1_358' title='bbox 1192 3537 1225 3601; x_wconf 14' lang='lat' dir='ltr'>phe</span> <span class='ocrx_word' id='word_1_359' title='bbox 1236 3537 1333 3599; x_wconf 78' lang='lat' dir='ltr'>thereby</span> 
     </span>
     <span class='ocr_line' id='line_1_37' title="bbox 127 3603 1332 3674; baseline -0.007 -15"><span class='ocrx_word' id='word_1_360' title='bbox 127 3612 255 3674; x_wconf 79' lang='lat' dir='ltr'>quidquem</span> <span class='ocrx_word' id='word_1_361' title='bbox 267 3610 328 3658; x_wconf 86' lang='lat' dir='ltr'>alind</span> <span class='ocrx_word' id='word_1_362' title='bbox 343 3609 448 3658; x_wconf 81' lang='lat' dir='ltr'>libertate</span> <span class='ocrx_word' id='word_1_363' title='bbox 463 3609 582 3658; x_wconf 88' lang='lat' dir='ltr'>communi</span> <span class='ocrx_word' id='word_1_364' title='bbox 593 3609 706 3670; x_wconf 75' lang='lat' dir='ltr'>quaesisse</span> <span class='ocrx_word' id='word_1_365' title='bbox 756 3608 860 3668; x_wconf 82' lang='lat' dir='ltr'>deprives</span> <span class='ocrx_word' id='word_1_366' title='bbox 871 3605 910 3653; x_wconf 88' lang='lat' dir='ltr'>the</span> <span class='ocrx_word' id='word_1_367' title='bbox 922 3613 980 3653; x_wconf 80' lang='lat' dir='ltr'>suste</span> <span class='ocrx_word' id='word_1_368' title='bbox 992 3605 1021 3650; x_wconf 83' lang='lat' dir='ltr'>of</span> <span class='ocrx_word' id='word_1_369' title='bbox 1028 3621 1042 3651; x_wconf 88' lang='lat' dir='ltr'>s</span> <span class='ocrx_word' id='word_1_370' title='bbox 1053 3613 1116 3652; x_wconf 89' lang='lat' dir='ltr'>most</span> <span class='ocrx_word' id='word_1_371' title='bbox 1126 3603 1237 3650; x_wconf 82' lang='lat' dir='ltr'>excellent</span> <span class='ocrx_word' id='word_1_372' title='bbox 1243 3603 1332 3664; x_wconf 77' lang='lat' dir='ltr'>asylum</span> 
     </span>
     <span class='ocr_line' id='line_1_38' title="bbox 128 3667 1332 3734; baseline -0.009 -9"><span class='ocrx_word' id='word_1_373' title='bbox 128 3676 346 3734; x_wconf 62' lang='lat' dir='ltr'>deelsntexitun&#39;„</span> <span class='ocrx_word' id='word_1_374' title='bbox 756 3673 801 3719; x_wconf 83' lang='lat' dir='ltr'>and</span> <span class='ocrx_word' id='word_1_375' title='bbox 815 3672 855 3719; x_wconf 87' lang='lat' dir='ltr'>the</span> <span class='ocrx_word' id='word_1_376' title='bbox 867 3679 980 3734; x_wconf 84' lang='lat' dir='ltr'>strongest</span> <span class='ocrx_word' id='word_1_377' title='bbox 999 3668 1027 3716; x_wconf 84' lang='lat' dir='ltr'>oi</span> <span class='ocrx_word' id='word_1_378' title='bbox 1035 3669 1065 3716; x_wconf 88' lang='lat' dir='ltr'>its</span> <span class='ocrx_word' id='word_1_379' title='bbox 1077 3667 1208 3716; x_wconf 68' lang='lat' dir='ltr'>fortresses!</span> <span class='ocrx_word' id='word_1_380' title='bbox 1238 3668 1332 3727; x_wconf 78' lang='lat' dir='ltr'>‘Quod&#39;</span> 
     </span>
     <span class='ocr_line' id='line_1_39' title="bbox 162 3731 1333 3806; baseline -0.007 -16"><span class='ocrx_word' id='word_1_381' title='bbox 162 3756 185 3792; x_wconf 83' lang='grc'>1.</span> <span class='ocrx_word' id='word_1_382' title='bbox 203 3743 310 3792; x_wconf 81' lang='lat' dir='ltr'>Veliae.</span> <span class='ocrx_word' id='word_1_383' title='bbox 343 3741 387 3801; x_wconf 85' lang='lat' dir='ltr'>Cp.</span> <span class='ocrx_word' id='word_1_384' title='bbox 398 3751 420 3789; x_wconf 93' lang='grc'>1.</span> <span class='ocrx_word' id='word_1_385' title='bbox 432 3757 456 3801; x_wconf 79' lang='grc'>4.</span> <span class='ocrx_word' id='word_1_386' title='bbox 468 3754 492 3806; x_wconf 89' lang='lat'>9.</span> <span class='ocrx_word' id='word_1_387' title='bbox 756 3739 775 3786; x_wconf 91' lang='lat' dir='ltr'>is</span> <span class='ocrx_word' id='word_1_388' title='bbox 791 3737 846 3784; x_wconf 89' lang='lat' dir='ltr'>here</span> <span class='ocrx_word' id='word_1_389' title='bbox 860 3737 914 3782; x_wconf 88' lang='lat' dir='ltr'>used</span> <span class='ocrx_word' id='word_1_390' title='bbox 932 3749 985 3782; x_wconf 86' lang='lat' dir='ltr'>sss</span> <span class='ocrx_word' id='word_1_391' title='bbox 1004 3743 1050 3782; x_wconf 90' lang='lat' dir='ltr'>sort</span> <span class='ocrx_word' id='word_1_392' title='bbox 1066 3734 1095 3781; x_wconf 83' lang='lat' dir='ltr'>oi</span> <span class='ocrx_word' id='word_1_393' title='bbox 1106 3731 1221 3781; x_wconf 80' lang='lat' dir='ltr'>adverbial</span> <span class='ocrx_word' id='word_1_394' title='bbox 1238 3747 1265 3780; x_wconf 91' lang='lat' dir='ltr'>or</span> <span class='ocrx_word' id='word_1_395' title='bbox 1277 3748 1333 3798; x_wconf 81' lang='lat' dir='ltr'>cog·</span> 
     </span>
     <span class='ocr_line' id='line_1_40' title="bbox 160 3797 1334 3870; baseline -0.008 -14"><span class='ocrx_word' id='word_1_396' title='bbox 160 3821 184 3870; x_wconf 82' lang='lat'>5.</span> <span class='ocrx_word' id='word_1_397' title='bbox 209 3808 375 3856; x_wconf 87' lang='lat' dir='ltr'>Perditores.</span> <span class='ocrx_word' id='word_1_398' title='bbox 425 3806 541 3867; x_wconf 78' lang='lat' dir='ltr'>Probably</span> <span class='ocrx_word' id='word_1_399' title='bbox 569 3804 608 3853; x_wconf 88' lang='lat' dir='ltr'>the</span> <span class='ocrx_word' id='word_1_400' title='bbox 639 3803 705 3854; x_wconf 86' lang='lat' dir='ltr'>three</span> <span class='ocrx_word' id='word_1_401' title='bbox 756 3811 810 3850; x_wconf 85' lang='lat' dir='ltr'>nate</span> <span class='ocrx_word' id='word_1_402' title='bbox 824 3799 960 3857; x_wconf 77' lang='lat' dir='ltr'>accusative,</span> <span class='ocrx_word' id='word_1_403' title='bbox 974 3799 1058 3848; x_wconf 80' lang='lat' dir='ltr'>similar</span> <span class='ocrx_word' id='word_1_404' title='bbox 1073 3807 1100 3846; x_wconf 92' lang='lat' dir='ltr'>to</span> <span class='ocrx_word' id='word_1_405' title='bbox 1110 3797 1193 3846; x_wconf 85' lang='lat' dir='ltr'>itsuse</span> <span class='ocrx_word' id='word_1_406' title='bbox 1209 3797 1232 3846; x_wconf 90' lang='lat' dir='ltr'>in</span> <span class='ocrx_word' id='word_1_407' title='bbox 1244 3798 1334 3858; x_wconf 72' lang='lat' dir='ltr'>adjura·</span> 
     </span>
     <span class='ocr_line' id='line_1_41' title="bbox 126 3863 1333 3935; baseline -0.008 -13"><span class='ocrx_word' id='word_1_408' title='bbox 126 3874 231 3922; x_wconf 77' lang='lat' dir='ltr'>Antonii.</span> <span class='ocrx_word' id='word_1_409' title='bbox 264 3871 317 3920; x_wconf 84' lang='lat' dir='ltr'>One</span> <span class='ocrx_word' id='word_1_410' title='bbox 335 3871 387 3920; x_wconf 86' lang='lat' dir='ltr'>MS.</span> <span class='ocrx_word' id='word_1_411' title='bbox 404 3871 468 3935; x_wconf 83' lang='lat' dir='ltr'>gives</span> <span class='ocrx_word' id='word_1_412' title='bbox 491 3871 531 3918; x_wconf 85' lang='lat' dir='ltr'>the</span> <span class='ocrx_word' id='word_1_413' title='bbox 553 3885 619 3919; x_wconf 89' lang='lat' dir='ltr'>ruore</span> <span class='ocrx_word' id='word_1_414' title='bbox 641 3870 705 3916; x_wconf 87' lang='lat' dir='ltr'>nsusl</span> <span class='ocrx_word' id='word_1_415' title='bbox 755 3867 822 3916; x_wconf 72' lang='lat' dir='ltr'>dous.</span> <span class='ocrx_word' id='word_1_416' title='bbox 852 3865 966 3914; x_wconf 84' lang='lat' dir='ltr'>Seel’roi.</span> <span class='ocrx_word' id='word_1_417' title='bbox 978 3865 1112 3928; x_wconf 81' lang='lat' dir='ltr'>Conington</span> <span class='ocrx_word' id='word_1_418' title='bbox 1123 3879 1154 3911; x_wconf 91' lang='lat' dir='ltr'>on</span> <span class='ocrx_word' id='word_1_419' title='bbox 1163 3863 1227 3927; x_wconf 90' lang='lat' dir='ltr'>Virg.</span> <span class='ocrx_word' id='word_1_420' title='bbox 1239 3863 1297 3912; x_wconf 79' lang='lat' dir='ltr'>Aen.</span> <span class='ocrx_word' id='word_1_421' title='bbox 1311 3876 1333 3914; x_wconf 79' lang='grc'>1.</span> 
     </span>
     <span class='ocr_line' id='line_1_42' title="bbox 126 3935 1260 4000; baseline -0.011 -13"><span class='ocrx_word' id='word_1_422' title='bbox 126 3940 191 3994; x_wconf 83' lang='lat' dir='ltr'>rrord</span> <span class='ocrx_word' id='word_1_423' title='bbox 207 3937 365 4000; x_wconf 61' lang='lat' dir='ltr'>‘proditores&#39;</span> <span class='ocrx_word' id='word_1_424' title='bbox 380 3938 421 3984; x_wconf 86' lang='lat' dir='ltr'>but</span> <span class='ocrx_word' id='word_1_425' title='bbox 436 3935 588 3997; x_wconf 84' lang='lat' dir='ltr'>&#39;perditores&#39;</span> <span class='ocrx_word' id='word_1_426' title='bbox 604 3936 623 3982; x_wconf 91' lang='lat' dir='ltr'>is</span> <span class='ocrx_word' id='word_1_427' title='bbox 639 3949 705 3984; x_wconf 88' lang='lat' dir='ltr'>more</span> <span class='ocrx_word' id='word_1_428' title='bbox 758 3945 813 3994; x_wconf 82' lang='grc'><strong>141.</strong></span> <span class='ocrx_word' id='word_1_429' title='bbox 1244 3943 1260 3990; x_wconf 78' lang='lat'>.&#39;</span> 
     </span>
     <span class='ocr_line' id='line_1_43' title="bbox 126 3993 1333 4064; baseline -0.009 -12"><span class='ocrx_word' id='word_1_430' title='bbox 126 4003 287 4064; x_wconf 78' lang='lat' dir='ltr'>hnmedietely</span> <span class='ocrx_word' id='word_1_431' title='bbox 303 4003 404 4064; x_wconf 88' lang='lat' dir='ltr'>opposed</span> <span class='ocrx_word' id='word_1_432' title='bbox 419 4010 447 4052; x_wconf 86' lang='lat' dir='ltr'>to</span> <span class='ocrx_word' id='word_1_433' title='bbox 464 4000 641 4056; x_wconf 72' lang='lat' dir='ltr'>‘servatorem’</span> <span class='ocrx_word' id='word_1_434' title='bbox 660 4001 705 4048; x_wconf 78' lang='lat' dir='ltr'>and</span> <span class='ocrx_word' id='word_1_435' title='bbox 787 4013 808 4044; x_wconf 87' lang='lat' dir='ltr'>e.</span> <span class='ocrx_word' id='word_1_436' title='bbox 820 4007 843 4058; x_wconf 82' lang='lat'>5.</span> <span class='ocrx_word' id='word_1_437' title='bbox 862 3995 918 4044; x_wconf 81' lang='lat' dir='ltr'>This</span> <span class='ocrx_word' id='word_1_438' title='bbox 933 3994 1013 4042; x_wconf 78' lang='lat' dir='ltr'>would</span> <span class='ocrx_word' id='word_1_439' title='bbox 1027 3994 1053 4042; x_wconf 82' lang='lat' dir='ltr'>bs</span> <span class='ocrx_word' id='word_1_440' title='bbox 1068 3993 1200 4056; x_wconf 73' lang='lat' dir='ltr'>mousntnl</span> <span class='ocrx_word' id='word_1_441' title='bbox 1212 3993 1299 4056; x_wconf 82' lang='lat' dir='ltr'>tidings</span> <span class='ocrx_word' id='word_1_442' title='bbox 1309 4001 1333 4041; x_wconf 83' lang='lat' dir='ltr'>tn</span> 
     </span>
     <span class='ocr_line' id='line_1_44' title="bbox 125 4058 1339 4132; baseline -0.012 -14"><span class='ocrx_word' id='word_1_443' title='bbox 125 4071 146 4118; x_wconf 82' lang='lat' dir='ltr'>is</span> <span class='ocrx_word' id='word_1_444' title='bbox 163 4069 226 4132; x_wconf 90' lang='lat' dir='ltr'>quite</span> <span class='ocrx_word' id='word_1_445' title='bbox 245 4068 353 4118; x_wconf 69' lang='lat' dir='ltr'>clsseicd.</span> <span class='ocrx_word' id='word_1_446' title='bbox 395 4068 439 4129; x_wconf 87' lang='lat' dir='ltr'>Cp.</span> <span class='ocrx_word' id='word_1_447' title='bbox 457 4081 499 4128; x_wconf 89' lang='lat' dir='ltr'>pro</span> <span class='ocrx_word' id='word_1_448' title='bbox 517 4067 595 4116; x_wconf 85' lang='lat' dir='ltr'>Plsnc.</span> <span class='ocrx_word' id='word_1_449' title='bbox 614 4063 654 4126; x_wconf 80' lang='lat'>36.</span> <span class='ocrx_word' id='word_1_450' title='bbox 673 4065 705 4129; x_wconf 82' lang='lat'>89</span> <span class='ocrx_word' id='word_1_451' title='bbox 755 4063 791 4110; x_wconf 78' lang='lat' dir='ltr'>the</span> <span class='ocrx_word' id='word_1_452' title='bbox 809 4059 1045 4120; x_wconf 64' lang='lat' dir='ltr'>mammio</span> <span class='ocrx_word' id='word_1_453' title='bbox 1062 4074 1110 4106; x_wconf 84' lang='lat' dir='ltr'>sens</span> <span class='ocrx_word' id='word_1_454' title='bbox 1128 4059 1153 4122; x_wconf 76' lang='lat' dir='ltr'>iss</span> <span class='ocrx_word' id='word_1_455' title='bbox 1172 4059 1208 4106; x_wconf 73' lang='lat' dir='ltr'>rba</span> <span class='ocrx_word' id='word_1_456' title='bbox 1224 4059 1293 4106; x_wconf 75' lang='lat' dir='ltr'>stridat</span> <span class='ocrx_word' id='word_1_457' title='bbox 1308 4058 1339 4118; x_wconf 77' lang='lat' dir='ltr'>ef</span> 
     </span>
     <span class='ocr_line' id='line_1_45' title="bbox 125 4123 1334 4194; baseline -0.012 -12"><span class='ocrx_word' id='word_1_458' title='bbox 125 4143 167 4182; x_wconf 82' lang='lat' dir='ltr'>‘nt</span> <span class='ocrx_word' id='word_1_459' title='bbox 185 4135 246 4182; x_wconf 86' lang='lat' dir='ltr'>idern</span> <span class='ocrx_word' id='word_1_460' title='bbox 265 4133 367 4194; x_wconf 85' lang='lat' dir='ltr'>perditor</span> <span class='ocrx_word' id='word_1_461' title='bbox 385 4134 417 4180; x_wconf 88' lang='lat' dir='ltr'>rei</span> <span class='ocrx_word' id='word_1_462' title='bbox 432 4132 537 4194; x_wconf 78' lang='lat' dir='ltr'>publicae</span> <span class='ocrx_word' id='word_1_463' title='bbox 551 4129 704 4186; x_wconf 80' lang='lat' dir='ltr'>nominarem,</span> <span class='ocrx_word' id='word_1_464' title='bbox 755 4129 850 4175; x_wconf 67' lang='lat' dir='ltr'>annin</span> <span class='ocrx_word' id='word_1_465' title='bbox 860 4127 884 4172; x_wconf 82' lang='lat' dir='ltr'>in</span> <span class='ocrx_word' id='word_1_466' title='bbox 898 4125 970 4180; x_wconf 77' lang='lat' dir='ltr'>Gaul.</span> <span class='ocrx_word' id='word_1_467' title='bbox 981 4125 1031 4172; x_wconf 79' lang='lat' dir='ltr'>und</span> <span class='ocrx_word' id='word_1_468' title='bbox 1041 4123 1127 4188; x_wconf 77' lang='lat' dir='ltr'>placed</span> <span class='ocrx_word' id='word_1_469' title='bbox 1140 4123 1176 4172; x_wconf 80' lang='lat' dir='ltr'>bis</span> <span class='ocrx_word' id='word_1_470' title='bbox 1194 4123 1241 4170; x_wconf 83' lang='lat' dir='ltr'>sole</span> <span class='ocrx_word' id='word_1_471' title='bbox 1254 4123 1334 4184; x_wconf 79' lang='lat' dir='ltr'>depers-</span> 
     </span>
     <span class='ocr_line' id='line_1_46' title="bbox 125 4181 1334 4262; baseline -0.012 -13"><span class='ocrx_word' id='word_1_472' title='bbox 125 4202 166 4262; x_wconf 84' lang='lat' dir='ltr'>qni</span> <span class='ocrx_word' id='word_1_473' title='bbox 178 4209 280 4250; x_wconf 76' lang='lat' dir='ltr'>serrator</span> <span class='ocrx_word' id='word_1_474' title='bbox 292 4197 400 4248; x_wconf 65' lang='lat' dir='ltr'>inissem!</span> <span class='ocrx_word' id='word_1_475' title='bbox 755 4195 824 4244; x_wconf 71' lang='lat' dir='ltr'>derce</span> <span class='ocrx_word' id='word_1_476' title='bbox 838 4207 868 4240; x_wconf 80' lang='lat' dir='ltr'>on</span> <span class='ocrx_word' id='word_1_477' title='bbox 884 4189 920 4239; x_wconf 84' lang='lat' dir='ltr'>hr&#39;s</span> <span class='ocrx_word' id='word_1_478' title='bbox 937 4181 1033 4252; x_wconf 67' lang='lat' dir='ltr'>bretbm</span> <span class='ocrx_word' id='word_1_479' title='bbox 1068 4189 1178 4238; x_wconf 77' lang='lat' dir='ltr'>Petebat</span> <span class='ocrx_word' id='word_1_480' title='bbox 1195 4187 1293 4244; x_wconf 69' lang='lat' dir='ltr'>brother,</span> <span class='ocrx_word' id='word_1_481' title='bbox 1308 4187 1334 4234; x_wconf 81' lang='lat' dir='ltr'>is</span> 
     </span>
     <span class='ocr_line' id='line_1_47' title="bbox 133 4253 1335 4327; baseline -0.014 -11"><span class='ocrx_word' id='word_1_482' title='bbox 133 4311 136 4316; x_wconf 94' lang='lat'>.</span> <span class='ocrx_word' id='word_1_483' title='bbox 158 4264 183 4318; x_wconf 84' lang='lat'>6.</span> <span class='ocrx_word' id='word_1_484' title='bbox 213 4267 250 4316; x_wconf 84' lang='lat' dir='ltr'>Ut</span> <span class='ocrx_word' id='word_1_485' title='bbox 282 4281 324 4314; x_wconf 89' lang='lat' dir='ltr'>me</span> <span class='ocrx_word' id='word_1_486' title='bbox 359 4266 481 4327; x_wconf 84' lang='lat' dir='ltr'>puderet.</span> <span class='ocrx_word' id='word_1_487' title='bbox 528 4263 572 4324; x_wconf 76' lang='lat' dir='ltr'>cp.</span> <span class='ocrx_word' id='word_1_488' title='bbox 597 4275 618 4310; x_wconf 90' lang='grc'>1.</span> <span class='ocrx_word' id='word_1_489' title='bbox 641 4275 666 4324; x_wconf 75' lang='grc'>4,</span> <span class='ocrx_word' id='word_1_490' title='bbox 688 4273 705 4322; x_wconf 79' lang='lat' dir='ltr'>q</span> <span class='ocrx_word' id='word_1_491' title='bbox 754 4261 810 4322; x_wconf 73' lang='lat' dir='ltr'>spite</span> <span class='ocrx_word' id='word_1_492' title='bbox 831 4257 884 4306; x_wconf 77' lang='lat' dir='ltr'>tort</span> <span class='ocrx_word' id='word_1_493' title='bbox 901 4255 980 4318; x_wconf 80' lang='lat' dir='ltr'>osiris</span> <span class='ocrx_word' id='word_1_494' title='bbox 997 4253 1215 4304; x_wconf 67' lang='lat' dir='ltr'>unumunurn</span> <span class='ocrx_word' id='word_1_495' title='bbox 1234 4253 1335 4316; x_wconf 69' lang='lat' dir='ltr'>sterling</span> 
     </span>
     <span class='ocr_line' id='line_1_48' title="bbox 128 4317 1337 4393; baseline -0.017 -11"><span class='ocrx_word' id='word_1_496' title='bbox 128 4329 220 4393; x_wconf 82' lang='lat' dir='ltr'>‘Turpe</span> <span class='ocrx_word' id='word_1_497' title='bbox 237 4329 296 4383; x_wconf 85' lang='lat' dir='ltr'>mihi</span> <span class='ocrx_word' id='word_1_498' title='bbox 314 4329 354 4392; x_wconf 87' lang='lat' dir='ltr'>ipsi</span> <span class='ocrx_word' id='word_1_499' title='bbox 374 4328 494 4378; x_wconf 76' lang='lat' dir='ltr'>ridebatur</span> <span class='ocrx_word' id='word_1_500' title='bbox 514 4329 606 4376; x_wconf 78' lang='lat' dir='ltr'>ineam</span> <span class='ocrx_word' id='word_1_501' title='bbox 623 4327 704 4380; x_wconf 81' lang='lat' dir='ltr'>urbem</span> <span class='ocrx_word' id='word_1_502' title='bbox 749 4325 794 4385; x_wconf 82' lang='lat' dir='ltr'>jor</span> <span class='ocrx_word' id='word_1_503' title='bbox 810 4322 845 4372; x_wconf 84' lang='lat' dir='ltr'>bis</span> <span class='ocrx_word' id='word_1_504' title='bbox 863 4321 978 4384; x_wconf 72' lang='grc' dir='ltr'><strong>ρνοοέοοο,</strong></span> <span class='ocrx_word' id='word_1_505' title='bbox 994 4319 1045 4368; x_wconf 82' lang='lat' dir='ltr'>und</span> <span class='ocrx_word' id='word_1_506' title='bbox 1066 4320 1098 4380; x_wconf 85' lang='lat' dir='ltr'>es</span> <span class='ocrx_word' id='word_1_507' title='bbox 1115 4318 1150 4367; x_wconf 85' lang='lat' dir='ltr'>bis</span> <span class='ocrx_word' id='word_1_508' title='bbox 1173 4317 1337 4378; x_wconf 66' lang='lat' dir='ltr'>unmtbors&#39;ud</span> 
     </span>
    </p>
   </div>
   <div class='ocr_carea' id='block_1_4' title="bbox 0 0 1504 4706">
    <p class='ocr_par' dir='ltr' id='par_1_8' title="bbox 0 0 1504 4706">
     <span class='ocr_line' id='line_1_49' title="bbox 0 0 1504 4706; baseline 0 3"><span class='ocrx_word' id='word_1_509' title='bbox 0 0 1504 4706; x_wconf 95' lang='lat' dir='ltr'> </span> 
     </span>
    </p>
   </div>
  </div>
 </body>
</html>
