2998 4706
137 261 167 318 ts
179 262 288 311 10-15.
462 254 631 314 ORATIO
654 253 927 520 PfyLIPPICA
954 255 1018 315 ΙΧ.
1212 331 1215 336 ¹
1282 270 1344 338 219

139 410 177 473 L.
203 411 307 476 Sullae
333 415 471 496 primum
499 421 622 477 statuta
647 431 682 477 es
760 413 900 478 Mirifice
924 415 1015 477 enim
1036 414 1163 478 Servius
1185 416 1343 478 maiorum

138 517 378 580 continentiam
393 517 560 602 diligebat,
571 519 663 581 huius
678 518 797 582 saeculi
813 518 1022 582 insolentiam
1036 519 1248 604 vituperabat.
1293 517 1345 584 Ut

140 622 239 703 igitur
253 622 281 682 si
292 622 402 706 ipsum
417 623 581 686 consulam
596 622 672 706 quid
689 623 782 707 velit,
796 625 844 686 sic
862 623 1041 707 pedestrem
1061 642 1101 686 ex
1116 643 1189 686 aere
1204 631 1344 686 statuam

139 732 304 806 tamquam
324 745 362 787 ex
382 727 451 788 eius
470 728 662 790 auctoritate
685 733 718 790 et
738 729 904 791 voluntate
926 727 1084 792 decerno:
1110 746 1192 811 quae
1213 725 1344 809 quidem

141 846 292 910 magnum
308 831 429 921 civium
444 829 587 893 dolorem
603 838 636 893 et
647 830 845 895 desiderium
865 832 984 896 honore
1005 833 1201 896 monimenti
1217 831 1370 902 minuets

15 969 20 1004 .·
85 944 126 990 14
140 947 174 994 et
212 931 322 995 leniet.
378 934 486 1016 Atque
523 934 605 998 hanc
635 952 741 999 meam
773 939 983 1020 sententiam,
1020 945 1127 1020 patres
1156 935 1343 1018 conscripti,

139 1035 175 1100 P.
204 1035 333 1100 Servilii
363 1040 527 1102 sententia
557 1041 755 1124 comprobari
787 1059 917 1104 necesse
947 1048 1020 1104 est:
1057 1041 1112 1122 qui
1141 1038 1342 1123 sepulchrum

140 1139 266 1222 publice
288 1140 522 1207 decernendum
544 1141 609 1208 Ser.
630 1143 772 1227 Sulpicio
793 1145 931 1228 censuit,
953 1153 1092 1208 statuam
1115 1162 1181 1207 non
1203 1143 1342 1207 censuit.

139 1243 231 1306 Nam
260 1246 287 1307 si
318 1263 403 1308 mors
433 1246 530 1330 legati
561 1250 632 1311 sine
662 1248 758 1311 caede
789 1257 884 1331 atque
914 1247 998 1332 ferro
1028 1246 1151 1310 nullom
1188 1246 1342 1310 honorem

139 1347 312 1433 desiderat,
337 1369 393 1412 cur
413 1349 558 1414 decernit
583 1352 735 1414 honorem
761 1353 952 1436 sepulturae,
973 1353 1028 1435 qui
1051 1353 1208 1414 maximus
1231 1349 1341 1413 haberi
1357 1367 1388 1403 ιο

140 1461 246 1536 potest
269 1454 417 1517 mortuo?
460 1455 517 1520 Sin
541 1455 573 1518 id
596 1455 708 1520 tribuit
722 1455 788 1520 Ser.
803 1455 957 1541 Sulpicio,
977 1455 1060 1538 quod
1081 1475 1146 1518 non
1169 1463 1217 1516 est
1232 1454 1342 1517 datum

139 1555 203 1622 Cn.
230 1557 382 1642 Octavio,
408 1577 474 1643 cur,
501 1559 584 1642 quod
608 1560 658 1623 illi
675 1559 790 1624 datum
817 1568 878 1644 est,
901 1560 975 1623 huic
1008 1557 1148 1622 dandum
1178 1577 1246 1621 esse
1276 1575 1342 1621 non

140 1663 278 1726 censet?
330 1660 475 1726 Maiores
511 1663 642 1746 quidem
678 1665 779 1727 nostri
816 1672 937 1728 statuas
974 1664 1086 1727 multis
1119 1662 1342 1746 decreverunt,

140 1765 304 1849 sepulchra
320 1767 438 1849 paucis.
482 1766 542 1832 Sed
557 1763 682 1830 statuae
699 1769 863 1831 intereunt
878 1775 1083 1852 tempestate,
1099 1767 1145 1851 vi,
1161 1775 1342 1830 vetustate:

140 1870 377 1953 sepulchrorum
406 1879 515 1934 autem
541 1873 698 1935 sanctitas
727 1874 764 1934 in
793 1873 863 1956 ipso
892 1871 962 1936 solo
991 1880 1051 1955 est,
1076 1871 1160 1954 quod
1191 1869 1278 1934 nulla
1307 1871 1341 1932 vi
1358 1887 1385 1937 ¹⁵

141 1975 263 2036 moveri
287 1993 390 2056 neque
411 1974 512 2038 deleri
535 1983 663 2060 potest3
689 1985 784 2058 atque
843 1985 858 2039 t
885 1985 991 2039 cetera
1016 1976 1273 2058 exstinguuntur,
1295 1977 1343 2037 sic

91 2093 127 2141 to
141 2077 305 2161 sepulchra
326 2082 488 2142 sanctiora
508 2078 589 2143 hunt
611 1993 992 2245 vetustateffllugeatur
1014 2079 1112 2162 igitur
1134 2081 1197 2142 isto
1223 2079 1342 2140 honore

140 2182 241 2244 etiam
268 2182 297 2244 is
322 2182 383 2266 vir,
407 2183 458 2246 cui
486 2183 591 2246 nullus
614 2183 717 2247 honos
741 2185 783 2246 tri
805 2185 838 2247 ui
864 2203 931 2246 non
954 2183 1081 2246 debitus
1105 2192 1234 2266 potest,
1259 2183 1342 2264 grati

140 2285 239 2347 simus
266 2287 301 2348 in
327 2287 396 2349 eius
423 2297 526 2350 morte
550 2287 740 2367 decoranda,
764 2289 815 2350 cui
842 2287 963 2349 nullam
988 2289 1054 2350 iam
1080 2287 1180 2349 aliam
1205 2285 1342 2368 gratiam

141 2389 257 2451 referre
282 2408 455 2473 possumus.
499 2391 644 2455 Notetur
667 2393 767 2455 etiam
791 2389 841 2454 M.
864 2391 1017 2475 Antonii,
1042 2389 1200 2453 nefarium
1223 2387 1387 2450 bellumne

141 2493 294 2577 gerentis,
325 2494 480 2558 scelerata
515 2495 659 2559 audacia.
715 2495 780 2559 His
810 2497 898 2558 enim
927 2495 1098 2558 honoribus
1127 2491 1248 2556 habitis
1275 2491 1360 2554 Ser.

141 2594 282 2680 Sulpicio
297 2597 480 2682 repudiatae
500 2601 698 2683 reiectaeque
715 2599 887 2682 legationis
902 2599 943 2661 ab
955 2597 1102 2661 Antonio
1117 2597 1262 2659 manebit
1277 2603 1342 2660 tes-

142 2699 277 2763 tificatio
291 2683 498 2785 sempiterna.

104 2801 129 2870 ‘1
184 2803 275 2890 Qas
296 2806 338 2867 ob
362 2825 411 2868 res
434 2807 482 2870 ita
506 2825 640 2870 censeo:
674 2804 759 2870 Cum
785 2805 849 2870 Ser.
875 2805 1031 2890 Sulpicius
1055 2801 1154 2890 QF.
1181 2803 1341 2866 Lemonia

142 2905 245 2971 Rufus
258 2907 452 2974 difficillimo
467 2913 511 2973 rei
532 2911 677 2994 publicae
692 2920 849 2994 tempore,
864 2910 953 2992 gravi
975 2907 1211 2993 periculosoque
1230 2907 1342 2969 morbo
1356 2929 1385 2978 ²5

178 3135 199 3171 t.
219 3124 348 3173 Primum.
386 3125 427 3174 See
443 3141 475 3173 on
488 3139 509 3174 a.
521 3137 631 3189 44‚114.
663 3125 716 3175 The
766 3125 884 3174 sacrifices.
914 3122 1269 3190 ‘SeedeLegg.a.aa,55ioll.
1296 3119 1344 3168 Till

142 3189 230 3254 gilding
240 3199 303 3237 must
313 3191 372 3238 hare
383 3193 442 3238 been
452 3193 493 3240 the
503 3193 646 3248 innovation,
655 3193 717 3240 since
766 3191 813 3239 this
819 3206 867 3238 was
879 3192 945 3245 done.
953 3192 1034 3240 Cicero
1042 3191 1091 3237 tells
1099 3205 1126 3236 us
1134 3188 1185 3236 that
1195 3187 1235 3236 the
1246 3188 1342 3250 resting-

142 3254 202 3317 Livy
212 3256 303 3302 reeords
313 3273 343 3304 arr
354 3259 484 3319 equestrian
496 3267 571 3306 statue
586 3259 614 3306 ol
621 3258 717 3313 Cloelia,
767 3257 830 3318 place
850 3258 879 3304 of
895 3255 935 3304 the
957 3271 1037 3318 eorpse
1055 3270 1101 3304 was
1121 3255 1176 3316 only
1194 3253 1280 3308 ‘ritus'
1300 3262 1342 3301 not

141 3321 222 3381 placed
239 3335 270 3367 on
292 3323 333 3370 the
351 3323 395 3370 Via
415 3323 489 3380 Sacra,
505 3339 529 3370 as
546 3325 609 3386 early
624 3339 648 3371 as
668 3321 716 3386 506
767 3322 940 3384 'sepulchrum'
973 3323 1016 3383 Cp·
1028 3323 1073 3369 ²1¹0
1085 3321 1155 3368 Tw-
1170 3331 1191 3368 1.
1205 3331 1243 3376 ¹²·
1257 3327 1295 3380 ²7·

144 3385 386 3450 B.0.(Ltvy2.13)‚
803 3390 917 3450 17.1sto
949 3389 1063 3443 honore,
1085 3386 1157 3434 ‘ern
1184 3385 1225 3433 aa
1252 3385 1343 3432 honour

177 3464 198 3498 a.
218 3453 407 3508 insolentiam.
426 3455 622 3519 'extravagance‚'
642 3454 718 3502 which
767 3454 860 3516 already
878 3453 992 3514 proposed
1009 3461 1036 3501 to
1056 3451 1129 3516 yoo;'
1149 3465 1179 3499 se.
1198 3452 1252 3498 oia
1265 3450 1342 3511 public

142 3531 216 3579 posses
231 3519 260 3564 all
275 3519 316 3566 the
331 3521 420 3567 bounds
438 3521 467 3566 ol
480 3522 601 3582 precedent
617 3521 662 3567 and
676 3537 717 3568 au·
766 3520 861 3568 funeral.

141 3583 246 3644 thorityt
275 3601 310 3645 cp.
331 3585 372 3632 Or.
394 3597 434 3646 52,
452 3583 499 3647 176
522 3587 636 3650 ‘Gorgias
656 3586 718 3634 leati-
799 3601 819 3632 e.
832 3594 854 3647 7.
871 3584 1036 3632 Hemnclndea
1051 3583 1104 3632 with
1117 3598 1133 3629 o
1144 3580 1239 3643 sormd
1248 3580 1342 3636 moden,

141 3649 251 3696 vitatibus
266 3651 398 3699 insolentius
412 3652 522 3706 abutitur.
534 3667 591 3713 quas
606 3651 717 3700 isocrates
766 3651 817 3699 that
834 3652 884 3698 Ser.
899 3650 1013 3712 Sulpicius
1029 3649 1112 3697 sbould
1126 3649 1152 3694 be
1168 3647 1249 3694 hriried
1265 3655 1291 3693 ot
1307 3646 1344 3694 ibe

142 3715 282 3763 moderatius
293 3717 364 3764 etiarn
376 3716 528 3778 temperavit.¹
765 3715 843 3780 public
856 3723 950 3777 expense
965 3732 994 3762 on
1010 3715 1046 3763 ebe
1061 3713 1187 3778 Esquiline,
1199 3713 1248 3760 und
1263 3712 1313 3760 thot
1327 3727 1343 3758 o

177 3782 213 3828 Ut
306 3784 338 3830 si.
372 3783 415 3842 Op.
443 3783 508 3830 Fam.
536 3795 558 3830 a.
587 3793 619 3844 14
645 3781 718 3829 ‘liius
768 3778 1343 3829 mmnnmemtdtureeodonaeltoeea

142 3845 262 3910 negotium
285 3847 318 3894 sie
339 3850 409 3896 velim
432 3849 546 3909 suscipias.
569 3856 596 3895 ut
618 3849 637 3896 si
660 3857 717 3895 esset
767 3847 791 3893 in
807 3847 842 3895 bia
859 3847 956 3904 bonnm,
973 3847 1028 3894 reith
1044 3861 1059 3892 a
1079 3855 1145 3907 space
1162 3844 1244 3907 osfiae
1252 3844 1342 3905 secem

142 3911 210 3960 mea!
766 3913 821 3961 each
849 3912 897 3959 side
917 3913 1023 3960 meme
1041 3912 1087 3972 for
1113 3911 1148 3959 bis
1170 3910 1278 3972 peonio
1298 3908 1344 3969 sor

176 3989 198 4038 5.
219 3978 335 4027 Minuer.
373 3979 416 4040 Cp.
435 3980 502 4042 Pliny
516 3979 558 4041 Ep.
572 3993 594 4028 a.
607 3987 657 4042 7,7
678 3979 716 4026 'Si
767 3993 825 4026 mer.

141 4043 303 4091 detunctorum
315 4045 426 4108 imagines
437 4045 501 4093 domi
513 4047 601 4106 positae
613 4045 716 4092 dolorem
802 4057 840 4105 ²4·
860 4043 1001 4100 Lemonia.
1026 4043 1068 4091 'ot
1081 4042 1123 4090 the
1137 4041 1197 4089 tribe
1214 4039 1342 4094 Lenonis:

140 4116 245 4157 nostnun
257 4109 343 4166 lerant,
359 4120 446 4172 quanto
458 4113 532 4176 magis
543 4127 590 4168 eae,
599 4111 682 4173 quibus
693 4111 717 4157 in
767 4110 843 4158 which
851 4125 897 4157 was
906 4125 950 4157 one
957 4111 985 4158 of
993 4109 1033 4158 the
1044 4108 1142 4172 original
1149 4107 1237 4156 sixteen
1245 4114 1343 4166 country

141 4173 292 4222 celeberrimo
303 4177 355 4224 loeo
366 4191 413 4225 non
424 4179 496 4225 modo
508 4177 592 4238 species
607 4186 631 4225 et
642 4177 718 4224 vultus
767 4177 844 4232 tribes.
860 4191 896 4236 cp.
913 4175 976 4223 Ven.
995 4188 1016 4224 r.
1032 4175 1055 4230 8,
1074 4187 1103 4234 ²3
1123 4175 1169 4231 ‘Q.
1185 4173 1279 4218 Verrem
1294 4170 1343 4217 Ro·

142 4239 241 4296 illorum,
253 4243 292 4289 sed
303 4241 378 4290 honor
389 4244 459 4291 etiam
472 4251 495 4290 et
506 4243 578 4306 gloria
591 4241 701 4290 refertur!
767 4243 829 4289 milia
837 4241 852 4296 ς’
868 4241 899 4288 ib.
916 4243 968 4288 Aet.
986 4254 1007 4289 a.
1026 4254 1047 4290 a.
1062 4253 1103 4302 43,
1117 4247 1163 4301 107
1181 4238 1223 4286 ·0.
1235 4236 1343 4285 Claudat

178 4317 216 4368 15.
235 4307 454 4369 Sepulchrornm.
476 4309 521 4356 &e
555 4308 608 4357 The
628 4308 716 4372 ground
767 4305 965 4372 ostentm!

142 4371 212 4436 being
233 4374 380 4421 consecrated
400 4375 432 4436 by
454 4373 495 4422 the
515 4374 577 4422 usual
597 4375 651 4421 riter
673 4374 719 4420 aod
