2998 4706
154 261 217 310 aor
487 244 538 304 M.
568 243 730 304 TULLII
759 241 1013 356 CICERONln
1205 274 1248 313 oe.
1266 259 1357 312 Η,

152 405 336 470 consulibus
357 413 487 468 senatus
509 421 577 466 rem
599 403 761 486 publicam
783 403 1019 467 defendendam
1045 403 1152 468 dedit:
1184 404 1222 468 L.
1247 403 1356 468 Satur-

152 510 249 574 ninus
266 507 412 571 tribunus
427 507 482 590 pl.‚
496 507 535 572 C
550 506 689 571 Glaucia
706 516 830 592 praetor
845 519 894 572 est
910 508 1105 572 interfectus.
1149 507 1275 570 Omnes
1294 507 1356 568 illo
1488 529 1489 604 ,

151 611 204 676 die
218 611 338 696 Scauri,
353 611 494 696 Metelli,
508 610 651 695 Claudii,
665 612 786 695 Catuli,
806 611 990 696 Scaevolae,
1004 611 1114 678 Crassi
1136 631 1225 674 arma
1246 629 1356 694 sump-
1486 613 1489 772 4

1488 975 1489 1028 l

1488 1121 1489 1164 ι

151 725 271 780 serunt.
317 715 409 780 Num
424 725 479 778 aut
494 715 640 779 consules
656 715 728 779 illos
742 725 797 778 aut
816 715 1011 780 clarissimos
1024 717 1111 779 viros
1125 714 1356 798 vituperandos

123 821 268 904 5putas?
312 819 381 902 Ego
401 819 582 884 Catilinam
603 822 705 902 perire
720 819 818 883 volui.
863 819 956 884 Num
978 831 1024 902 tu,
1038 822 1092 903 qui
1112 839 1226 883 ornnes
1248 820 1356 882 salvos

151 925 213 1007 vis,
227 923 407 988 Catilinam
427 923 550 986 salvum
572 943 642 986 esse
657 923 812 988 voluisti?
856 923 932 988 Hoc
950 926 1096 1005 interest,
1115 923 1248 1007 Calene,
1268 925 1357 986 inter

151 1047 257 1092 meam
269 1027 469 1091 sententiam
484 1035 517 1090 et
529 1037 637 1098 tuam:
659 1047 719 1112 ego
735 1027 810 1092 nolo
824 1047 1016 1111 quemquam
1031 1031 1136 1091 civem
1150 1029 1355 1091 committere

151 1141 187 1196 ut
209 1139 312 1196 morte
335 1130 516 1194 multandus
533 1133 601 1216 psit:
625 1140 672 1216 tu,
692 1133 793 1196 etiam
815 1134 843 1195 si
866 1133 1077 1216 conuniserit,
1099 1129 1356 1195 conservandum

151 1245 250 1320 putas.
305 1233 344 1298 ln
368 1253 497 1319 corpore
523 1235 650 1318 siquid
677 1237 747 1299 eius
771 1235 858 1300 modi
885 1245 947 1319 est,
970 1235 1054 1318 quod
1080 1237 1203 1318 reliquo
1228 1235 1354 1317 corpori

107 1367 137 1403 ro
151 1330 277 1424 rr'oceat,
303 1338 336 1402 id
366 1341 415 1402 uri
444 1341 607 1422 secarique
636 1341 785 1423 patimur,
815 1350 852 1403 ut
880 1341 1059 1415 membrum
1087 1338 1215 1422 aliquod
1244 1339 1356 1421 potius

150 1464 247 1527 quam
261 1453 366 1508 totum
386 1461 498 1526 corpus
514 1445 670 1506 intereat:
693 1443 792 1506 sicin
809 1445 854 1506 rei
876 1443 1021 1527 publicae
1040 1450 1231 1526 corpore,ut
1247 1449 1403 1504 totum
1488 1467 1489 1536 4

150 1549 275 1613 salvum
289 1550 345 1632 sit,
358 1545 512 1630 quidquid
530 1556 580 1610 est
594 1547 793 1630 pestiferum,
808 1556 996 1631 amputetur.
1041 1546 1131 1610 Dura
1148 1566 1228 1610 vox.
1222 1545 1356 1609 multo
1367 1553 1402 1599 10
1488 1597 1489 1636 4

151 1653 208 1716 illa
229 1651 351 1716 durior:
378 1651 464 1715 Salvi
487 1652 554 1714 sint
577 1651 725 1734 improbi,
747 1651 939 1734 scelerati,
931 1652 1044 1735 rmpii3
1069 1650 1267 1713 deleantur'
1259 1669 1355 1712 rnno-

150 1763 273 1837 centes,
296 1755 435 1837 honesti,
456 1755 545 1838 boni,
560 1763 630 1818 tota
652 1773 703 1817 res
724 1754 861 1838 publica.
905 1753 986 1819 Uno
1005 1756 1040 1817 in
1058 1755 1200 1838 homine,
1215 1753 1355 1838 QFuli,

108 1881 135 1932 ¹⁵
151 1857 255 1922 fateor
275 1867 309 1922 te
325 1857 444 1922 vidisse
466 1858 536 1942 plus
549 1877 644 1940 quam
667 1877 729 1921 me.
774 1857 843 1942 Ego
865 1857 899 1921 P.
914 1858 1068 1923 Clodium
1088 1857 1265 1920 arbitrabar
1284 1875 1356 1939 per-

150 1963 309 2026 niciosum
347 1963 465 2045 civem,
502 1962 705 2046 sceleratum,
743 1961 964 2045 libidinosum,
1002 1962 1150 2046 impium,
1188 1960 1354 2043 audacem,

151 2065 377 2150 facinerosunr,
391 2074 428 2128 tu
450 2075 563 2130 contra
585 2075 745 2149 sanctum,
766 2075 1015 2150 temperantem,
1038 2066 1262 2146 innocentem,
1285 2081 1355 2125 mo-

151 2171 288 2254 destum,
303 2171 510 2234 retinendum
523 2171 631 2233 civem
653 2177 687 2232 et
701 2168 897 2253 optandum:
921 2171 956 2231 in
971 2168 1031 2232 lroc
1046 2186 1113 2230 uno
1126 2177 1161 2230 te
1180 2167 1355 2251 plurimum

151 2273 282 2358 vidisse,
298 2293 351 2337 me
373 2273 511 2336 multum
533 2293 652 2336 errasse
674 2273 825 2337 concedo.
871 2273 962 2336 Nam
982 2271 1065 2354 quod
1087 2289 1140 2334 me
1160 2279 1268 2334 tecum
1291 2271 1355 2333 ira-

106 2396 140 2432 ιο
151 2377 253 2443 eunde
278 2397 373 2462 agere
395 2376 508 2441 dixisti
534 2376 647 2460 solere,
675 2396 742 2440 non
766 2385 816 2440 est
843 2377 899 2439 ita.
944 2375 1161 2438 Vehementer
1186 2393 1238 2438 me
1259 2393 1354 2458 agere

151 2481 265 2565 fateor,
289 2481 439 2544 iracunde
461 2499 554 2564 nego.
598 2479 747 2543 Omnino
769 2481 865 2544 irasci
887 2481 1003 2542 amicis
1026 2498 1092 2542 non
1114 2485 1235 2541 temere
1253 2477 1353 2560 soleo,

150 2604 192 2647 ne
216 2587 244 2648 si
268 2594 432 2648 merentur
452 2585 592 2668 quidem.
638 2583 749 2667 Itaque
771 2585 842 2648 sine
865 2583 1033 2645 verbonrm
1054 2581 1253 2645 contumelia
1275 2601 1296 2642 a
1319 2589 1353 2644 te
1366 2587 1401 2637 1⁷
1488 2621 1489 2698 4

150 2687 320 2752 dissentire
343 2707 482 2772 possum,
497 2689 568 2751 sine
583 2687 685 2750 animi
707 2705 833 2750 summo
848 2686 956 2750 dolore
981 2706 1046 2749 non
1070 2705 1207 2770 possum.
1251 2683 1354 2748 Parva
1488 2737 1489 2816 ,

151 2803 200 2856 est
215 2793 304 2854 enim
321 2793 402 2855 mihi
418 2801 525 2855 tecum
540 2801 596 2855 aut
611 2811 708 2878 parva
728 2791 768 2855 de
786 2811 820 2854 re
840 2789 1024 2854 dissensio?
1067 2789 1136 2873 Ego
1154 2789 1229 2852 huic
1249 2789 1354 2871 faveo,
1488 2823 1489 2892 l

105 2919 134 2968 ιε
151 2906 185 2960 tu
217 2897 294 2961 illi?
325 2898 427 2960 immo
452 2915 529 2960 vero
555 2916 615 2980 ego
640 2896 682 2960 D.
710 2895 807 2960 Bruto
831 2894 937 2977 laven,
961 2903 998 2957 tu
1021 2893 1070 2956 M.
1095 2894 1264 2957 Antonio:
1294 2913 1354 2978 ego
1488 2893 1489 2898 ’

151 3003 332 3065 conservari
359 3000 521 3065 coloniam
548 3000 656 3084 populi
683 2997 824 3062 Romani
852 2999 957 3083 cupio,
980 3007 1016 3062 tu
1040 3000 1213 3083 expugnari
1236 2999 1353 3064 studes.

149 3107 204 3169 An
230 3106 290 3169 hoc
316 3125 432 3188 negare
457 3112 560 3188 potes,
586 3105 642 3186 qui
667 3121 781 3166 omnes
804 3121 909 3166 moras
936 3103 1134 3186 interponas,
1160 3103 1275 3184 quibus
1302 3103 1395 3174 ιιι-6

149 3207 290 3271 firmetur
319 3207 445 3291 Brutus,
476 3207 589 3270 melior
618 3205 675 3268 fiat
699 3205 891 3270 Antonius?
946 3204 1119 3293 Qousque
1149 3207 1240 3269 enim
1264 3205 1353 3270 dices

1483 2269 1489 2296 ι

149 3453 203 3500 says
223 3438 298 3500 (Brut.
316 3435 356 3492 62.
379 3438 438 3499 224)
459 3437 510 3484 that
530 3437 662 3486 Saturninus
679 3453 727 3486 was
776 3437 910 3487 nominere)

150 3503 325 3550 ‘seditiosorum
345 3503 450 3550 omnium
469 3511 522 3563 post
543 3503 661 3550 Gracchos
680 3504 727 3550 elo·
812 3518 849 3567 ¹5
868 3505 908 3552 Te
922 3505 1023 3554 vidisse
1037 3505 1105 3568 plns.
1132 3503 1247 3552 Whenl’.
1258 3505 1354 3554 Clodius

150 3569 319 3630 quentissimus,
339 3568 436 3616 Glaucia
460 3568 529 3630 longe
550 3576 603 3628 post
622 3567 726 3617 homines
777 3584 824 3615 was
843 3569 937 3617 aoeused
957 3571 985 3618 ol
1001 3570 1114 3635 violating
1131 3570 1172 3618 the
1190 3585 1214 3617 m
1214 3572 1309 3632 ysteries
1328 3572 1356 3618 οι

150 3644 217 3682 natos
235 3634 428 3695 improbissimus!
462 3633 514 3681 The
528 3633 616 3681 lawless
628 3635 727 3682 conduct
776 3633 817 3681 the
834 3635 898 3682 Boua
916 3635 974 3690 Dea.
991 3637 1097 3691 Calenus.
1108 3635 1353 3685 theatribuneoftbe

149 3701 179 3747 oi
192 3699 352 3747 Saturninus
345 3714 369 3746 ur
388 3700 423 3747 his
443 3699 585 3760 tribuneship
599 3699 695 3747 reached
713 3715 726 3747 a
777 3714 904 3755 commons.
914 3702 1026 3762 proposed
1038 3717 1051 3748 a
1063 3703 1107 3749 law
1118 3701 1170 3750 that
1186 3701 1216 3750 he
1230 3703 1310 3750 should
1324 3705 1353 3750 be

150 3765 258 3813 elimax'
251 3779 275 3811 ιιι
291 3763 331 3812 the
346 3766 437 3813 murder
460 3766 529 3814 otc.
546 3765 680 3822 Memmius,
696 3781 727 3813 on
777 3766 835 3812 tned
847 3767 878 3826 by
890 3766 930 3813 the
941 3767 1048 3830 ordinary
1059 3767 1167 3824 tribunal,
1179 3768 1267 3815 instead
1281 3769 1309 3816 of
1323 3770 1353 3831 hy

150 3830 227 3878 which
238 3831 267 3878 he
281 3831 326 3878 and
340 3831 437 3878 Glaucia
454 3845 515 3878 were
531 3831 634 3878 declared
651 3832 727 3893 public
777 3831 884 3891 aspecial
897 3841 971 3888 court,
983 3833 1027 3880 and
1045 3832 1098 3880 thus
1114 3801 1182 3880 made
1198 3834 1296 3893 possible
1312 3834 1353 3881 the

150 3897 258 3950 enemim,
271 3896 316 3942 and
328 3897 387 3944 alter
401 3913 430 3944 an
446 3897 575 3944 inelleetual
589 3897 689 3962 struggle
700 3906 726 3944 ιο
776 3897 908 3957 corruption
933 3897 1009 3946 which
1037 3899 1148 3958 promised
1176 3897 1212 3946 hir
1234 3899 1353 3959 aequistal.

148 3962 233 4009 defend
248 3960 410 4010 themselves
403 3978 427 4009 ur
445 3963 485 4010 the
501 3963 600 4024 Capitol,
613 3961 668 4025 they
678 3977 725 4010 sur·
776 3960 847 4009 The·
840 3977 906 4025 irony
918 3964 947 4010 οι
954 3963 995 4011 the
1005 3979 1100 4028 passage
1112 3965 1130 4011 is
1142 3965 1247 4012 obvious.

149 4029 259 4076 rendered
282 4036 308 4074 to
332 4027 429 4083 Marius,
445 4029 486 4076 but
513 4042 573 4075 were
597 4028 673 4088 pelted
699 4037 725 4074 to
811 4035 848 4089 ι7.
868 4029 1069 4078 ιἰιιιιειοιιιιιι.
1102 4029 1133 4076 So
1145 4029 1222 4086 Halm
1234 4030 1354 4096 following

148 4093 264 4155 deathby
275 4092 316 4140 the
327 4094 392 4142 mob
775 4091 814 4140 the
826 4093 923 4141 Vanearr
935 4094 986 4142 MS
1002 4095 1048 4142 and
1059 4093 1099 4143 the
1114 4096 1206 4160 general
1221 4105 1311 4144 cnstonr
1328 4097 1357 4143 ol

184 4168 207 4222 7.
226 4161 407 4208 committere
426 4168 462 4215 ut.
477 4155 528 4214 dte..
546 4157 641 4206 should
653 4166 726 4206 actso
778 4157 818 4205 the
829 4168 891 4208 most
903 4159 993 4206 anneot
1007 4159 1072 4207 MSS

148 4239 174 4272 as
196 4233 222 4272 to
244 4227 337 4274 deserve
359 4224 399 4272 the
424 4223 572 4286 punishment
594 4223 623 4270 of
639 4223 725 4279 death(
811 4237 849 4284 24.
868 4226 925 4288 Ego
937 4225 1009 4280 hurc
1017 4223 1068 4280 din,
1080 4225 1354 4288 isitamerequestion

149 4304 162 4335 a
183 4291 296 4337 favourite
318 4290 473 4338 construction
491 4288 548 4334 with
570 4287 667 4341 Ciceso;
689 4303 725 4347 cp.
776 4288 805 4332 οι
815 4289 916 4347 political
932 4289 1094 4353 pardaanship.
1109 4306 1154 4340 one
1172 4293 1354 4356 supportingd,

148 4353 197 4402 off.
218 4367 240 4403 a
261 4367 299 4415 14,
316 4366 349 4414 50
371 4353 542 4402 ‘committere
562 4359 588 4398 ιιι
608 4360 726 4398 accusator
776 4350 954 4400 theotherlil
