2998 4706
166 264 196 320 ii
210 263 287 312 2-7.
479 256 565 316 0th
575 259 650 317 TIO
679 259 956 319 PHILIPPICA
992 259 1063 318 VII.
1307 255 1365 340 183

164 413 278 478 eadem
298 413 446 478 salutaris
466 417 512 478 rei
531 417 676 500 publicae
695 419 750 502 sit,
766 421 927 503 improbos
944 439 980 481 se
994 437 1090 500 quam
1111 417 1276 502 populares
1296 435 1366 480 esse

165 517 306 582 malint?
351 517 409 581 Me
428 519 558 602 quidem
575 541 711 604 semper,
725 524 773 584 uti
791 525 894 606 scitis,
914 522 1129 586 adversarium
1150 520 1366 583 multitudinis

131 623 341 684 stemeritati
362 622 441 686 haec
461 623 539 687 fecit
558 625 811 708 praeclarissima
826 645 921 690 causa
940 625 1132 710 popularem.
1177 623 1218 687 Et
1236 624 1366 707 quidem

164 724 325 808 dicuntur,
339 726 390 788 vel
407 728 512 810 potius
530 747 565 790 se
580 731 641 812 ipsi
659 729 771 792 dicunt
788 730 990 792 consulares:
1012 748 1076 813 quo
1095 730 1228 792 nomine
1250 727 1365 810 dignus

165 838 215 892 est
236 848 343 911 nemo,
359 831 423 892 nisi
444 833 499 913 qui
517 834 600 896 tanti
619 833 749 897 honoris
769 853 889 898 nomen
908 843 1012 918 potest
1032 834 1200 896 sustinere.
1244 830 1393 896 Faveass

164 943 201 996 tu
217 933 326 997 hosti?
349 933 402 996 ille
423 933 546 998 litteras
564 935 604 998 ad
625 946 659 998 te
676 938 786 1000 mittat
806 937 846 1000 de
861 957 919 1007 sua
933 957 989 1020 spe
1009 955 1114 1000 rerum
1132 933 1366 998 secundarum?

165 1041 280 1100 cassu
301 1037 405 1102 laetus
430 1037 580 1124 proferas,
605 1041 733 1124 recites,
758 1011 984 1104 deic‘iibendas
1006 1041 1108 1104 etiam
1128 1039 1188 1118 des
1213 1037 1366 1121 improbis

165 1141 291 1244 civibus
304 1143 465 1243 ¹imeorum
493 1161 610 1225 augeas
646 1145 800 1208 animos?
838 1144 994 1208 bonorum
1030 1161 1120 1226 spem
1152 1143 1367 1224 virtutemque
1408 1151 1423 1164 “

165 1241 339 1308 debilites?
361 1254 395 1308 et
409 1254 442 1307 te
462 1245 662 1309 consularem
682 1257 737 1310 aut
758 1257 951 1329 senatorem,
966 1246 1104 1328 denique
1125 1247 1231 1308 civem
1254 1244 1367 1327 putes?

165 1347 315 1432 Accipiet
337 1351 372 1411 in
396 1351 553 1433 optimam
577 1360 700 1432 partem
723 1349 763 1416 C.
786 1349 902 1432 Pansa,
917 1351 1110 1412 fortissimus
1134 1345 1245 1410 consul
1271 1355 1366 1426 atque
1382 1376 1412 1411 ro

164 1453 314 1534 optimus.
360 1451 492 1516 Etenim
518 1453 624 1516 dicam
651 1456 762 1517 animo
787 1455 1005 1516 amicissimo:
1035 1452 1119 1514 hunc
1144 1453 1259 1534 ipsum,
1286 1449 1366 1511 mihi

166 1555 331 1618 hominem
342 1554 641 1640 santiliarissimum,
653 1559 717 1622 nisi
729 1557 805 1620 talis
817 1557 927 1620 consul
944 1565 1039 1658 esse5
1052 1565 1087 1645 ut
1102 1573 1215 1618 omnes
1226 1552 1366 1635 vigiliaS,

166 1678 268 1742 curas,
283 1661 497 1742 cogitationes
520 1661 555 1723 in
578 1663 624 1723 rei
647 1661 791 1745 publicae
807 1660 908 1723 salute
930 1646 1091 1742 deligeret,
1113 1656 1277 1721 consulem
1299 1675 1366 1718 non

131 1772 320 1845 eputarem.
375 1763 579 1850 Qamquam
609 1784 668 1827 nos
699 1765 740 1827 ab
770 1767 903 1826 ineunte
932 1763 1017 1826 illius
1044 1771 1150 1825 aetate
1177 1780 1263 1843 usus,
1290 1777 1367 1822 con-

165 1865 310 1980 supgudo,
331 1866 508 1930 studiorum
528 1869 628 1931 etiam
649 1869 948 1932 honestissimorum
970 1867 1108 1929 societas
1127 1863 1365 1944 similitudoque
1382 1885 1411 1938 ¹5

164 1968 323 2052 devinxit,
344 1969 549 2052 eiusdemque
574 1991 650 2034 cura
673 1971 870 2034 incredibilis
897 1972 932 2033 in
957 1971 1139 2053 asperrimis
1161 1967 1237 2030 belli
1259 1966 1366 2030 civilis

165 2073 312 2154 periculis
335 2084 498 2165 perspecta
520 2073 628 2160 docuit
651 2093 717 2138 non
740 2073 836 2138 modo
855 2074 979 2156 salutis,
998 2073 1053 2136 sed
1076 2075 1176 2135 etiam
1196 2071 1366 2154 dignitatis

167 2194 258 2239 meae
280 2175 379 2240 fuisse
400 2159 576 2241 fahto'r'e'm:
603 2189 713 2241 tamen
736 2177 885 2260 eundem,
908 2187 943 2240 ut
965 2177 1045 2259 dixi,
1067 2177 1131 2238 nisi
1154 2173 1230 2238 talis
1255 2173 1365 2236 consul

165 2289 262 2362 esset,
278 2299 393 2363 negare
409 2299 478 2344 esse
498 2280 663 2345 consulem
683 2280 841 2344 auderem.
885 2278 976 2342 idern
996 2298 1063 2342 non
1078 2277 1181 2370 ⁸modo
1201 2277 1366 2340 consulem

165 2404 236 2447 esse
261 2384 347 2467 dic0,
368 2384 424 2447 sed
451 2387 551 2448 etiam
575 2385 731 2448 memoria
757 2403 829 2446 mea
854 2383 1166 2467 praestantissimum
1191 2358 1285 2461 atque
1310 2398 1366 2462 op-
1380 2401 1412 2438 20

165 2489 284 2551 timum
305 2487 480 2570 consulem,
499 2507 565 2551 non
585 2489 663 2569 quin
686 2489 753 2571 pari
774 2489 893 2550 virtute
916 2496 949 2549 et
969 2485 1134 2548 voluntate
1157 2483 1213 2546 alii
1235 2481 1366 2564 firerint,

166 2590 222 2654 sed
248 2600 375 2654 tantam
398 2609 528 2702 carpam
554 2610 620 2654 non
640 2591 827 2673 habuerunt,
851 2591 886 2652 in
910 2607 973 2671 qua
998 2597 1031 2651 et
1051 2587 1251 2650 voluntatem
1275 2604 1366 2647 suam

135 2698 199 2758 'let
228 2695 381 2758 virtutem
409 2657 616 2776 ddcmhrent,
637 2772 651 2794 Γ
676 2693 783 2758 Huius
813 2691 1029 2775 magnitudini
1059 2690 1174 2771 animi,
1204 2690 1366 2770 gravitati,

166 2802 345 2884 sapientiae
369 2811 542 2885 tempestas
564 2777 741 2864 estmoblata
759 2797 1048 2863 formidolosissimi
1071 2795 1233 2878 temporis.
1278 2792 1365 2856 Tum

203 2914 280 3006 ,gepa
291 2904 471 2998 illustratur
490 2905 685 2988 consulatus,
704 2922 777 2966 cum
798 2902 953 2986 gubernat
971 2919 1038 2963 rem
1060 2898 1233 2983 publicam,
1248 2898 1275 2958 si
1300 2915 1366 2958 non
1380 2919 1410 2970 ²5

165 2989 312 3092 optabili,
327 3019 361 3072 at
377 3011 558 3072 necessario
571 3018 723 3092 tempore.
768 3005 877 3088 Magis
892 3014 1000 3067 autern
1021 3004 1247 3082 necessarium,
1263 3009 1366 3083 patres

166 3113 351 3198 conscripti,
366 3112 488 3176 nullum
503 3122 628 3196 tempus
643 3129 794 3193 umquam
810 3109 880 3172 fuit.

128 3211 155 3278 3
211 3215 321 3300 Itaque
344 3235 404 3300 ego
425 3216 493 3300 ille,
514 3219 568 3298 qui
590 3234 715 3300 semper
729 3215 818 3299 pacis
844 3219 954 3275 auctor
974 3209 1032 3292 fui,
1053 3209 1166 3290 cuique
1194 3226 1254 3291 pax
1278 3225 1367 3290 prae-

202 3419 224 3454 s.
243 3407 444 3454 Adversarium.
470 3403 592 3452 Thelstes
603 3404 668 3452 Mss.
685 3403 743 3452 have
828 3413 868 3450 st.
886 3401 949 3449 Non
979 3401 1053 3463 quin.
1092 3397 1230 3572 Qut
1257 3405 1283 3444 to
1307 3402 1368 3444 ‘nnn

169 3470 358 3527 ‘adversatum’
376 3474 418 3519 but
433 3485 469 3532 ep.
485 3485 526 3533 pro
545 3471 636 3518 Clnent.
655 3481 694 3532 34
710 3483 743 3534 94
793 3468 846 3529 quis
856 3481 903 3514 non
911 3466 924 3522 3¹
937 3481 972 3526 ep.
981 3466 1010 3512 de
1018 3466 1084 3512 Orat.
1095 3476 1116 3511 s.
1208 3461 1367 3524 5⁸Nonquin

168 3536 294 3587 ‘seditiosis
305 3535 460 3585 adversarius!
793 3533 927 3580 enitendum
939 3532 967 3579 sit
979 3532 1002 3579 in
1014 3530 1126 3591 utroque.¹
1219 3545 1244 3590 χ,

201 3617 224 3666 5.
251 3603 352 3651 Faveas
377 3613 406 3652 tu
433 3602 515 3651 hosti.
559 3599 617 3648 This
636 3615 692 3662 may
714 3601 743 3648 be
828 3611 866 3661 ²4·
885 3598 1056 3658 Tempestas,
1079 3595 1132 3649 dte..
1154 3599 1197 3640 ‘an
1219 3589 1369 3654 opportunity

167 3669 288 3718 addressed
305 3676 332 3714 to
350 3668 387 3728 Q
400 3667 478 3716 Fufius
494 3666 593 3715 Calenus
610 3667 655 3723 (see
672 3681 702 3712 on
721 3675 744 3726 5.
793 3663 909 3712 hasbeen
929 3663 996 3723 given
1014 3661 1064 3708 him
1082 3661 1110 3706 oi
1125 3659 1230 3722 showing
1248 3657 1282 3706 hir
1302 3656 1369 3720 high·

170 3747 192 3790 t,
210 3733 241 3794 s),
254 3735 296 3780 but
314 3747 378 3780 more
394 3731 507 3796 probably
522 3731 638 3796 generally
656 3740 681 3778 to
698 3745 744 3792 any
793 3729 945 3782 mindedness.
959 3727 1012 3782 dcc„
1030 3727 1053 3772 in
1069 3742 1083 3773 s
1103 3732 1206 3772 moment
1224 3723 1252 3770 oi
1268 3733 1369 3770 entraor-

167 3799 384 3848 seuatortosrhorn
396 3798 437 3846 the
446 3797 541 3862 charges
552 3797 628 3844 would
640 3797 716 3858 apply.
794 3792 982 3856 dinarydanger!
1015 3789 1165 3851 ‘Tempestas
1174 3789 1297 3850 temporis'
1315 3787 1370 3835 ‘the

202 3875 224 3928 7.
243 3866 452 3920 Describeudas‚
469 3870 508 3911 'to
525 3876 584 3924 copy
591 3861 605 3918 ς’
626 3877 661 3922 cp.
678 3861 743 3910 Fam.
794 3859 944 3921 opportunity
954 3855 1031 3904 which
1042 3857 1061 3904 is
1075 3855 1192 3916 presented
1204 3857 1235 3916 by
1246 3853 1287 3902 the
1298 3853 1370 3900 time!

170 3943 209 3980 ts.
223 3938 288 3993 17‚s
305 3929 406 3978 ‘Dicam
422 3931 476 3985 tuis,
488 3937 514 3976 ut
531 3927 622 3983 librum.
634 3928 652 3974 si
664 3927 742 3982 vellus.
827 3940 862 3972 cc.
883 3934 939 3984 3-5.
963 3923 1042 3970 cicero
1063 3921 1181 3982 tbnesorn
1199 3920 1234 3968 thr
1252 3917 1371 3982 persistent

168 3997 296 4046 describant
309 3995 338 4042 ad
349 4003 418 4056 teque
429 3992 538 4042 mittant!
794 4003 865 4054 sager
875 3989 985 4036 nemean
992 3987 1101 4050 espanes.
1109 4001 1134 4033 sn
1139 3986 1186 4047 sor·
1197 3984 1369 4046 mintedsrom

203 4075 240 4111 so.
260 4062 395 4122 Accipiet.
412 4059 463 4116 dte,
475 4060 503 4108 C.
514 4059 588 4106 Pansa
599 4057 646 4104 vill
662 4059 745 4106 nothe
795 4053 830 4103 ln‘s
842 4051 965 4116 principles
981 4069 1008 4100 ns
1024 4061 1047 4100 to
1063 4051 1141 4099 ebrini
1150 4051 1219 4111 from
1232 4057 1301 4111 penes
1315 4049 1370 4096 with

167 4127 274 4176 offended
285 4135 311 4174 st
322 4126 434 4191 mynsing
445 4125 558 4173 hisnsme
569 4125 593 4172 ln
604 4123 671 4171 order
681 4132 708 4170 to
720 4123 746 4170 il·
795 4120 905 4180 Antonyr
923 4119 962 4166 bur
976 4117 1029 4178 only
1046 4117 1137 4166 beaw
1155 4117 1235 4164 uuas
1249 4113 1370 4174 shomjuh

167 4193 310 4254 lustratenry
318 4200 440 4256 argument
452 4192 548 4238 frontan
556 4197 725 4237 extremecsse.
795 4183 1131 4250 dungmusmwsollneious.
1165 4178 1370 4239 Itwnsffinmsfirl.

203 4272 242 4307 ao.
260 4257 537 4310 Praestantissimum.
568 4254 620 4308 dte..
654 4253 746 4301 ‘stands
796 4251 888 4299 &enare
906 4249 1048 4298 monrium
1066 4247 1120 4296 ssr'rb
1142 4245 1178 4293 the
1200 4246 1276 4293 deeras
1297 4243 1371 4292 which

169 4324 231 4372 forth
242 4319 746 4384 mostprominentlyasthemostpatriotic
796 4317 845 4376 they
867 4315 915 4364 bad
930 4315 1014 4377 passed
1033 4329 1059 4360 so
1081 4311 1183 4370 recenly.
1228 4311 1264 4368 By
1291 4309 1371 4373 uoting

169 4390 255 4439 Consul
266 4389 318 4438 that
331 4389 340 4436 l
352 4401 395 4436 osu
407 4385 550 4435 reruember.’
797 4381 896 4430 honours
908 4389 932 4428 ts
943 4381 970 4428 0.
986 4380 1079 4432 Οασαν,
1094 4375 1199 4424 ocrim
1216 4373 1311 4429 Brutus.
1322 4374 1372 4422 ond

1298 4613 1405 4652 A
