2998 4706
127 263 285 320 §tao—8⁴.
453 258 623 320 ORATIO
651 261 922 324 PHILIPPICA
948 261 1011 322 XI.
1267 259 1359 341 257.

126 415 247 478 factam
259 416 335 480 dico
348 417 551 482 alienissimo
563 427 717 504 tempore.
763 423 922 508 Qamvis
938 422 1026 484 enim
1042 421 1187 482 intentus
1202 419 1329 479 animus

126 527 200 582 tuus
225 521 280 603 sit,
302 519 341 585 C.
358 519 473 605 Pansa,
495 523 580 586 sicut
604 533 665 607 est,
690 523 730 588 ad
754 527 860 588 virum
886 525 1097 588 fortissimum
1123 531 1157 586 et
1181 522 1329 584 omnium

125 623 341 686 clarissimum
360 624 570 710 liberandum,
590 635 701 690 tamen
722 648 826 692 rerum
847 637 960 692 natura
980 636 1073 711 coget
1093 635 1127 690 te
1148 625 1330 688 necessario

125 725 242 789 referre
256 729 402 791 animum
418 729 590 812 aliquando
607 731 647 794 ad
662 731 865 796 Dolabellam
886 730 1136 816 persequendum
1154 738 1187 792 ct
1205 737 1329 812 partem

125 829 265 912 aliquam
286 832 323 892 in
343 831 458 895 Asiam
479 841 513 896 et
534 833 657 918 Syriam
677 833 820 898 derivare
843 855 936 899 curae
959 843 993 898 et
1012 833 1222 918 cogitationis
1241 838 1357 902 tuaes

125 932 159 998 Si
185 942 294 1007 autem
316 933 384 998 fieri
409 946 526 1020 posset,
549 937 601 999 vel
624 937 726 1021 plures
748 947 781 1002 te
805 941 932 1001 animos
954 938 1070 1000 habere
1095 935 1225 1018 vellem,
1250 952 1329 1017 quos

126 1055 241 1100 omnes
261 1037 301 1100 ad
321 1037 489 1102 Mutinam
508 1041 701 1104 intenderes.
745 1041 841 1130 Qod
858 1043 1011 1124 quoniam
1033 1040 1192 1110 fierinon
1212 1045 1329 1123 potest,

128 1141 194 1204 isto
223 1149 256 1204 te
286 1143 409 1227 animo,
437 1161 533 1225 quem
563 1144 660 1206 habes
693 1146 1003 1228 praestantissimum
1032 1151 1127 1227 atque
1156 1143 1329 1225 optimum,

65 1265 114 1312 as
130 1243 212 1306 nihil
234 1245 379 1308 volumus
402 1247 465 1308 nisi
488 1245 528 1309 de
547 1245 643 1310 Bruto
664 1249 815 1330 cogitare.
860 1247 953 1310 Facis
973 1256 1009 1310 tu
1031 1245 1064 1308 id
1084 1243 1214 1329 quidem
1235 1253 1268 1306 et
1289 1262 1329 1305 eo

129 1349 269 1410 maxime
296 1348 468 1432 incumbis,
493 1357 529 1412 ut
557 1350 725 1434 intelligo:
758 1350 835 1414 duas
859 1359 970 1413 tamen
996 1369 1056 1433 res,
1083 1366 1214 1432 magnas
1239 1364 1329 1430 prae·
1343 1367 1376 1405 ro

128 1453 253 1534 sertim,
278 1471 345 1515 non
368 1453 463 1516 modo
485 1473 578 1538 agere
599 1473 664 1517 uno
683 1465 839 1539 tempore,
859 1453 914 1517 sed
936 1474 978 1516 ne
1002 1451 1175 1536 cogitando
1197 1449 1329 1532 quidem

128 1555 288 1638 explicare
313 1558 480 1639 quisquam
505 1564 624 1640 potest.
678 1557 818 1621 lncita're
844 1567 878 1620 et
906 1555 1104 1620 inflammare
1130 1563 1221 1617 tuum
1244 1555 1329 1616 istuc

128 1661 440 1742 praestantissimum
465 1661 618 1744 studium,
642 1679 708 1722 non
735 1659 775 1723 ad
804 1660 904 1724 aliam
932 1660 998 1723 ulla
1031 1679 1070 1722 err
1099 1667 1189 1742 parte
1219 1675 1328 1720 curam

42 1757 108 1826 10
128 1761 297 1826 transferre
323 1762 483 1827 debemus.
532 1762 624 1827 Adde
650 1765 733 1828 istuc
759 1783 923 1828 sermones
948 1764 1127 1841 hominum,
1154 1760 1235 1824 adde
1261 1779 1329 1822 sus-

128 1865 286 1950 piciones,
301 1865 382 1929 adde
404 1867 572 1930 invidiam.
618 1866 749 1931 Imitare
770 1886 835 1951 me,
853 1885 948 1951 quem
970 1881 1005 1930 tu
1025 1885 1151 1949 semper
1172 1863 1327 1928 laudasti:
1344 1879 1373 1932 ιε

126 1969 182 2051 qui
207 1970 398 2032 instructam
421 1978 631 2052 ornatamque
653 1990 674 2033 a
694 1980 809 2035 senatu
830 1973 1033 2055 provinciam
1054 1968 1199 2053 deposui,
1221 1976 1257 2031 ut
1278 1968 1330 2028 in-

127 2071 281 2135 cendium
305 2073 428 2156 patriae
448 2073 570 2136 omissa
592 2075 683 2136 omni
709 2075 907 2158 cogitatione
931 2075 1172 2158 restinguerem.
1217 2069 1329 2132 Nemo

128 2175 192 2238 erit
218 2183 344 2258 praeter
366 2194 464 2237 unum
499 2195 563 2260 me,
589 2177 718 2260 quicum
744 2177 899 2262 profect0,
924 2179 952 2241 si
983 2176 1060 2261 quid
1087 2176 1243 2237 interesse
1273 2181 1329 2236 tua

128 2285 284 2362 putasses,
314 2297 371 2361 pro
399 2297 525 2342 summa
554 2279 776 2344 familiaritate
812 2289 922 2344 nostra
956 2279 1238 2361 communicasses,
1272 2276 1327 2358 qui

128 2381 238 2446 credat
256 2388 289 2443 te
315 2382 423 2444 invito
449 2383 649 2466 provinciam
670 2383 732 2445 tibi
753 2403 822 2446 esse
848 2382 1020 2447 decretam.
1065 2380 1173 2466 Hanc,
1199 2397 1328 2463 quaes0,
1343 2393 1377 2431 ²⁰

129 2503 185 2568 pro
210 2493 267 2548 tua
290 2484 444 2569 singulari
470 2486 633 2569 sapientia
656 2487 793 2570 reprime
819 2487 940 2550 famam
965 2495 1060 2570 atque
1087 2483 1188 2568 effice,
1215 2502 1256 2544 ne
1283 2481 1329 2565 id,

73 2588 213 2671 24quod
237 2607 304 2651 non
327 2607 429 2672 curas,
452 2607 565 2671 cupere
587 2587 725 2651 videare.
770 2589 867 2675 Qod
890 2589 1021 2672 quidem
1047 2607 1087 2651 eo
1107 2586 1330 2650 vehementius

127 2692 190 2756 tibi
212 2691 418 2756 laborandum
439 2701 500 2775 est,
520 2693 596 2774 quia
617 2693 652 2754 in
673 2691 809 2756 eandem
828 2693 941 2756 cadere
961 2693 1178 2776 suspicionem
1195 2689 1330 2773 collega,

128 2797 178 2858 vir
198 2795 405 2877 clarissimus,
426 2813 492 2858 non
514 2802 630 2878 potest.
675 2793 774 2857 Nihil
797 2796 909 2860 horum
931 2797 1005 2880 scit,
1024 2795 1106 2858 nihil
1130 2795 1329 2878 suspicatur:

128 2899 247 2962 bellum
261 2898 356 2982 gerit,
372 2898 407 2960 in
422 2899 493 2962 acie
507 2907 584 2981 stat,
599 2897 639 2961 de
655 2899 812 2982 sanguine
827 2907 861 2962 et
876 2899 916 2962 de
936 2901 1051 2984 spiritu
1066 2898 1228 2961 decertat:
1251 2904 1329 2959 ante
1343 2913 1374 2964 τε

128 3003 329 3088 provinciam
358 3003 422 3065 sibi
451 3001 613 3065 decretam
639 3001 750 3064 audiet
775 3021 873 3086 quam
902 3005 1042 3086 potuerit
1071 3011 1198 3085 tempus
1223 3000 1255 3063 ei
1282 3000 1329 3061 rei

128 3107 239 3170 datum
268 3105 432 3190 suspicari.
486 3103 604 3167 Vereor
634 3124 675 3166 ne
705 3107 864 3169 exercitus
890 3125 1014 3191 quoque
1044 3107 1158 3188 nostri,
1180 3104 1236 3186 qui
1263 3120 1329 3165 non

129 3210 265 3273 dilectus
289 3209 493 3292 necessitate,
517 3207 573 3271 sed
598 3207 790 3271 voluntariis
814 3207 930 3272 studiis
953 3229 989 3272 se
1012 3209 1052 3272 ad
1077 3227 1144 3270 rem
1168 3206 1330 3292 publicam

162 3409 185 3460 5.
205 3397 346 3452 Derivare,
369 3401 411 3442 ‘to
432 3393 507 3441 divert
535 3395 584 3440 into
607 3392 703 3440 another
754 3394 833 3442 inPis.
845 3395 968 3459 a,5·l·2go
976 3396 1119 3456 provinciam
1131 3395 1330 3443 Gelliamsenatus

128 3462 240 3518 channeb'
261 3468 301 3509 ‘to
324 3470 376 3508 tum
398 3474 463 3508 some
484 3460 576 3520 portion
598 3457 626 3504 oi
645 3473 704 3520 your
754 3461 892 3507 auctoritate
903 3462 1005 3508 exercitu
1016 3470 1040 3509 et
1050 3462 1146 3521 pecunia
1161 3462 1295 3508 instructam
1307 3469 1332 3509 et

128 3527 240 3592 thoughts
252 3527 297 3574 and
308 3541 360 3573 care
371 3539 402 3572 on
413 3525 467 3572 Asia
478 3525 523 3571 and
534 3523 613 3586 Syria.¹
754 3533 870 3581 ommam.
889 3540 959 3586 quam
982 3541 1036 3573 cum
1054 3527 1158 3573 Antonio
1179 3526 1330 3582 commutavi,

164 3605 203 3642 ιο.
221 3594 258 3641 Ut
274 3592 366 3641 intelli
388 3607 413 3639 o.
446 3591 476 3639 So
494 3589 571 3644 llalm,
587 3589 646 3635 from
665 3589 705 3636 the
755 3591 860 3652 quodita
877 3592 1039 3639 existimabam
1057 3601 1161 3652 tempora
1177 3591 1210 3637 rei
1226 3591 1331 3652 publicae

129 3660 224 3722 reading
251 3659 280 3705 of
304 3606 609 3718 :woldss,·inre11ego.·
652 3653 705 3700 The
756 3657 821 3712 ferre,
832 3656 855 3702 in
867 3658 975 3704 contione
987 3657 1081 3719 deposui
1097 3657 1235 3704 reclamante
1246 3657 1331 3718 populo

129 3724 207 3772 others
219 3723 279 3770 omit
290 3723 316 3770 it.
351 3721 372 3768 1r
389 3729 450 3769 must
466 3722 496 3767 be
513 3721 584 3766 bome
600 3720 624 3765 in
640 3719 706 3766 mind
757 3721 882 3768 Romano!

128 3788 272 3838 thatiuthir
288 3788 381 3849 portion
396 3784 584 3835 ostheorations
596 3784 636 3831 the
651 3785 707 3849 legi·
800 3785 837 3833 18.
862 3786 978 3846 Quicum
1015 3787 1147 3847 profecto,
1179 3787 1223 3835 &a
1274 3785 1332 3835 'l'hir

129 3855 212 3904 timete
224 3853 304 3914 sphere
314 3853 343 3901 of
355 3854 486 3912 conjecture
497 3851 516 3898 is
527 3849 656 3898 somewbet
667 3865 707 3897 eu·
756 3850 832 3897 clause
848 3851 951 3897 contains
963 3850 1005 3898 the
1021 3853 1096 3911 procl,
1108 3861 1134 3899 to
1145 3851 1246 3901 Cicero'r
1258 3853 1331 3907 mind,

129 3921 215 3986 urged,
227 3921 288 3966 irom
298 3918 339 3965 the
350 3917 429 3965 inilure
445 3917 475 3965 oi
488 3917 527 3964 the
540 3915 637 3964 vatican
656 3915 706 3962 MS.
756 3914 808 3963 tbat
818 3915 891 3962 Pansa
903 3930 950 3962 var
962 3917 1072 3965 innocent
1082 3919 1110 3965 ol
1123 3917 1152 3964 all
1163 3917 1297 3980 compliciry
1307 3917 1332 3966 in

129 3987 172 4034 See
183 3984 339 4032 ionoduetion
350 3991 376 4030 to
388 3983 434 4030 this
445 3983 545 4030 oration.
756 3980 797 4028 the
808 3981 930 4042 proposel:
948 3981 985 4028 ior
996 3981 1019 4028 in
1036 3997 1082 4045 any
1092 3991 1176 4030 matter
1193 3984 1332 4047 concerning

166 4048 204 4099 16.
223 4051 353 4111 Deposui.
386 4047 424 4094 On
435 4047 476 4094 the
493 4047 623 4107 expiration
634 4047 663 4093 ol
671 4045 706 4093 hie
755 4046 791 4093 hir
811 4047 916 4095 interests
936 4046 966 4094 he
988 4049 1064 4095 would
1081 4047 1140 4094 have
1159 4047 1218 4095 been
1239 4063 1290 4095 eure
1306 4057 1333 4095 to

130 4115 270 4175 consulship,
289 4115 372 4162 Cicero
390 4112 438 4160 first
455 4127 513 4176 gare
533 4111 568 4158 hir
587 4111 705 4174 colleague
756 4112 845 4160 consult
855 4128 882 4160 so
893 4114 948 4160 deor
960 4128 973 4158 a
985 4113 1058 4160 friend
1070 4127 1094 4160 a:
1105 4112 1194 4161 Cioero.

130 4183 159 4231 C.
175 4180 290 4229 Antonius
304 4178 341 4226 bis
359 4177 468 4239 province
486 4177 515 4224 oi
529 4176 669 4224 Macedonia
682 4175 707 4223 in
791 4174 829 4225 26.
848 4178 977 4239 Tempus,
987 4175 1038 4232 dcc..
1050 4177 1116 4225 ‘that
1127 4175 1184 4224 time
1194 4177 1261 4224 could
1272 4177 1333 4224 hare

131 4245 251 4309 exclunge
267 4245 303 4292 lor
319 4243 372 4291 thet
389 4243 416 4291 ol
433 4243 509 4291 Gallia
523 4240 646 4302 Cisalpina,
661 4241 707 4286 and
756 4243 813 4290 been
835 4243 914 4302 :pared
936 4243 973 4290 lor
990 4241 1029 4290 the
1047 4241 1214 4290 considelation
1234 4242 1262 4290 oi
1277 4240 1332 4289 such

131 4313 189 4360 then
210 4310 314 4374 resigned
336 4309 382 4357 this
404 4309 471 4356 latter
493 4307 516 4354 in
534 4307 616 4354 favour
632 4305 661 4352 oi
675 4305 706 4364 Q.
757 4307 881 4354 amatterss

133 4375 241 4424 Metellus
252 4375 325 4423 Celer.
359 4373 400 4421 See
416 4374 480 4421 Fam,
493 4383 515 4433 5.
529 4385 551 4426 a,
564 4385 595 4434 3:
613 4371 705 4432 aud‘cp.

1060 4453 1073 4496 S
