2970 4700
116 287 259 344 §it-12.
433 276 605 339 ORATIO
634 278 911 341 PHILIPPICA
937 277 1032 341 XIV.
1263 291 1327 364 325

114 435 224 518 urbis,
244 453 339 518 quam
360 435 415 500 ille
435 437 475 500 ad
495 437 664 521 explendas
684 446 842 522 egestates
862 439 1026 503 latrocinii
1046 440 1096 502 sui
1118 439 1328 523 concupivit?

113 557 221 620 quam
245 539 310 602 iam
333 541 454 624 peritus
476 550 613 605 metator
637 549 671 606 et
693 541 826 605 callidus
847 542 1040 626 decempeda
1063 561 1120 614 sua
1140 542 1222 608 Saxa
1243 542 1329 605 divi-

113 642 234 704 serat?
290 641 533 728 Recordamini‚
562 662 617 729 per
645 645 722 708 deos
752 645 971 710 immortales!
1005 655 1111 731 patres
1140 644 1327 729 conscripti,

112 744 202 827 quid
237 744 297 808 hoc
333 746 429 809 biduo
457 749 675 832 timuerimus,
700 767 721 810 a
752 748 941 813 domesticis
973 749 1117 813 hostibus
1150 748 1327 810 rumoribus

116 848 374 940 improbissimis
391 849 567 934 dissipatis.
611 851 695 940 Qis
721 851 849 936 liberos,
871 853 943 934 quis
969 853 1140 934 coniugem
1165 851 1356 934 adspicere5

117 959 251 1034 poterat
271 954 344 1014 sine
361 952 460 1017 fletu?
485 956 557 1035 quis
577 954 731 1018 domum?
753 956 825 1039 quis
842 955 954 1018 tecta?
977 956 1049 1037 quis
1070 954 1170 1016 larem
1189 953 1328 1016 familia·

118 1073 205 1117 rem.
258 1054 326 1119 Aut
351 1054 571 1140 foedissimam
598 1067 735 1121 mortem
760 1077 872 1120 omnes
897 1066 953 1120 aut
980 1057 1196 1122 miserabilem
1219 1055 1329 1138 fugam

119 1158 322 1241 cogitabant.
381 1159 474 1223 Haec
506 1153 671 1243 Quibus
705 1161 918 1245 timebantur,
943 1179 999 1223 eos
1031 1161 1139 1224 hostes
1169 1157 1328 1243 appellare

119 1261 335 1327 dubitamus?
377 1262 517 1328 Gravius
537 1265 565 1328 si
584 1265 656 1347 quis
677 1263 822 1328 attulerit
843 1283 974 1346 nomen,
995 1263 1131 1352 libenter
1151 1262 1327 1325 assentiar:

121 1365 187 1428 hoc
202 1366 323 1450 vulgari
339 1376 508 1432 contentus
523 1369 578 1430 vix
593 1387 675 1452 sum,
690 1367 811 1432 leviore
826 1385 891 1430 non
907 1376 987 1430 utar.
1018 1364 1023 1372 '
1343 1375 1374 1412 ¹⁰

58 1487 107 1538 n
170 1469 282 1554 Itaque
318 1491 392 1536 cum
425 1473 676 1581 supplicationes
708 1471 901 1535 iustissimas
936 1444 1050 1534 ex‘iis
1083 1469 1212 1552 litteris,
1246 1487 1327 1551 quae

121 1576 281 1639 recitatae
306 1585 393 1660 sunt,
419 1574 589 1640 decernere
612 1575 795 1659 debeamus,
821 1575 1032 1658 Serviliusque
1058 1571 1247 1654 decreverit,
1272 1589 1328 1632 au·

122 1680 209 1763 gebo
237 1682 373 1744 omnino
403 1699 570 1744 numerum
598 1680 734 1764 dierum,
764 1680 949 1764 praesertim
979 1695 1052 1742 cum
1085 1695 1150 1738 non
1176 1676 1246 1758 uni,
1271 1672 1328 1736 sed

121 1783 228 1847 tribus
257 1784 389 1848 ducibus
418 1785 485 1848 sint
510 1783 738 1848 decernendae.
789 1782 850 1848 Sed
879 1782 940 1846 hoc
969 1781 1107 1864 primurn
1136 1777 1266 1860 faciam,
1291 1784 1327 1840 ut

124 1890 332 1971 imperatores
368 1888 527 1973 appellem
563 1907 629 1972 eos,
662 1905 795 1970 quorum
827 1887 959 1969 virtute,
989 1882 1138 1965 consilio,
1170 1880 1327 1945 felicitate
1342 1892 1371 1945 1⁵

125 1991 278 2054 maximis
301 1991 450 2076 periculis
472 1991 637 2056 servitutis
659 2000 754 2073 atque
779 1990 931 2053 interitus
956 1986 1083 2050 liberati
1108 2004 1226 2049 sumus.
1270 1981 1327 2046 Et-

100 2093 216 2158 'enim
242 2097 294 2159 cui
313 2091 437 2180 'viginti
463 2096 514 2158 his
540 2084 851 2178 annis'supplicatio
876 2090 1004 2156 decreta
1028 2097 1089 2173 est,
1113 2095 1240 2150 utnon
1265 2086 1327 2147 im-

124 2207 251 2283 perator
286 2199 507 2284 appellaretur,
536 2207 591 2262 aut
604 2181 770 2261 ”minimis
802 2197 894 2259 rebus
928 2195 1028 2278 gestis
1059 2200 1115 2255 aut
1145 2190 1327 2274 plerumque

125 2301 248 2366 nullis?
300 2304 408 2392 Qam
433 2303 475 2365 ob
503 2322 572 2366 rem
600 2312 656 2367 aut
685 2299 876 2385 supplicatio
901 2298 943 2361 ab
968 2316 1019 2380 eo,
1045 2296 1099 2378 qui
1129 2303 1205 2358 ante
1230 2292 1327 2375 dixit,

126 2405 325 2470 decernenda
354 2425 420 2470 non
450 2406 524 2490 fuit,
553 2415 609 2470 aut
637 2407 774 2469 usitatus
802 2404 904 2465 honos
935 2399 1197 2484 pervulgatusque
1226 2393 1326 2458 tribu·
1340 2415 1373 2452 ro

75 2509 227 2645 1{entius
247 2511 301 2595 iis,
320 2510 434 2593 quibus
452 2512 554 2574 etiam
574 2511 650 2573 novi
670 2506 907 2592 singularesque
924 2503 1090 2567 debentur.
1135 2499 1189 2564 An
1209 2500 1237 2562 si
1255 2500 1327 2580 quis

127 2683 220 2732 whati’
236 2683 316 2746 ‘quid'
327 2685 434 2749 standing
448 2684 483 2733 for
495 2685 535 2733 the
549 2685 614 2732 word
625 2682 701 2730 which
752 2694 871 2742 compares
889 2679 917 2726 de
933 2677 1001 2724 Prov.
1016 2676 1087 2724 Cone.
1098 2688 1132 2721 cc.
1147 2685 1178 2721 10
1192 2672 1236 2719 and
1254 2681 1293 2726 ιι,
1303 2670 1328 2718 in

126 2750 208 2797 should
220 2751 274 2797 bear
283 2750 323 2797 the
335 2765 398 2798 same
406 2751 503 2799 relation
514 2759 540 2799 to
551 2750 637 2799 ‘urbis'
650 2749 701 2796 that
751 2745 828 2793 which
848 2745 888 2792 the
906 2742 972 2790 word
991 2756 1070 2790 occurs
1086 2739 1216 2800 repeatedly
1233 2737 1257 2784 in
1270 2735 1328 2784 both

127 2815 225 2863 ‘hostis'
237 2815 293 2862 doea
303 2823 329 2862 to
341 2823 347 2843 ¹
357 2815 514 2864 coloniarum!
751 2811 917 2873 applicatione:
940 2809 985 2855 and
1003 2805 1079 2854 which
1098 2805 1146 2852 also
1159 2803 1270 2851 illustrate
1287 2801 1328 2848 the

162 2892 183 2928 1.
197 2881 361 2935 Latrocinii,
372 2882 416 2929 ‘ol
426 2881 461 2930 hir
477 2882 540 2928 band
556 2880 585 2927 ol'
592 2878 701 2927 robberr.’
751 2886 842 2926 eustom
861 2877 889 2923 of
903 2873 1027 2936 propoaing
1043 2887 1056 2918 a
1068 2869 1229 2931 ‘supplicatio’
1240 2883 1272 2914 on
1287 2866 1328 2914 the

127 2946 170 3006 cP·
185 2946 238 2994 Cat·
256 2957 277 2994 1.
296 2956 334 3008 13,
346 2959 375 3007 31
395 2947 433 2994 *Si
450 2962 480 2995 ex
496 2955 564 2996 tanto
581 2945 701 2992 latrocinio
751 2943 837 3004 receipt
848 2943 877 2988 oi
887 2937 1020 3000 despatcher
1037 2938 1098 2985 from
1116 2951 1129 2982 a
1144 2933 1236 2998 general
1248 2932 1273 2979 in
1287 2929 1328 2980 the

126 3010 168 3058 iste
179 3011 354 3059 unnrtollctur!
750 3008 812 3056 field
939 3022 942 3032 ⁴

162 3088 183 3125 a.
203 3079 376 3139 Decempeda
402 3093 457 3126 aaa.
497 3076 541 3138 Cp.
559 3087 597 3124 11.
615 3085 639 3138 5,
657 3087 702 3132 ης
787 3083 826 3134 13.
844 3071 912 3120 Cum
940 3084 995 3117 non
1022 3069 1068 3115 uni
1096 3067 1142 3114 sed
1166 3065 1264 3113 tribur.
1297 3061 1328 3109 So

127 3143 418 3206 andreeon13.18,37.
753 3138 831 3192 lialm,
850 3137 910 3183 from
926 3134 967 3182 the
983 3147 1039 3194 very
1055 3130 1164 3178 conlosed
1180 3129 1286 3191 readings
1302 3126 1331 3174 ol

160 3221 184 3270 4.
203 3210 262 3256 Hoc
287 3209 379 3258 biduo.
419 3207 473 3256 The
492 3221 586 3255 rumour
608 3204 637 3252 of
655 3207 703 3252 An·
751 3203 792 3250 the
805 3201 869 3248 MSS.
902 3199 957 3246 The
970 3198 1009 3245 old
1027 3197 1121 3259 reading
1136 3193 1328 3240 wwaedcom·

129 3273 203 3336 tonse
220 3288 307 3322 success
325 3273 370 3320 and
389 3274 418 3320 its
431 3287 599 3336 consequencer
616 3285 654 3318 are
669 3279 703 3318 set
752 3267 852 3316 munirer
867 3263 954 3321 tribus:
965 3264 1007 3310 but
1023 3259 1201 3308 'communiter'
1218 3265 1328 3306 nemeto

130 3339 190 3388 forth
201 3347 226 3385 at
238 3337 317 3402 length
328 3339 352 3386 in
364 3353 384 3386 c.
396 3338 419 3388 6.
752 3333 812 3381 have
823 3345 909 3394 sprung
918 3337 960 3378 oat
972 3329 1000 3376 οἱ
1008 3333 1014 3354 ⁸
1023 3341 1078 3374 oum
1086 3340 1135 3372 non
1146 3322 1202 3374 uni?

163 3406 362 3453 Adomesticis
387 3404 521 3459 hostibus,
541 3400 704 3466 ‘byenemies
789 3407 827 3460 17.
845 3397 955 3461 Viginti
982 3395 1026 3442 hir
1055 3392 1143 3439 annis.
1187 3389 1229 3436 See
1252 3403 1283 3436 on
1308 3401 1329 3437 a.

130 3469 209 3517 within
225 3469 266 3516 the
282 3469 360 3518 walls!
393 3468 592 3517 Thensauro
613 3467 651 3512 ‘id
668 3475 702 3512 est
756 3475 813 3520 1,1.
1221 3517 1227 3531 Ι
1294 3517 1300 3530 ·

130 3535 167 3596 qui
177 3533 237 3581 intra
249 3536 341 3583 moenia
352 3536 431 3582 hoster
443 3542 496 3582 arurt
504 3533 518 3590 ς’
535 3533 613 3580 which
624 3532 703 3578 Ferra-
788 3541 826 3590 19.
844 3528 884 3576 Ab
905 3542 946 3575 eo.
979 3523 1038 3572 This
1046 3537 1095 3570 rare
1103 3527 1260 3568 construction
1271 3517 1328 3565 wrth

130 3602 173 3648 riur
184 3601 317 3661 derervedly
327 3601 448 3664 expunged
459 3615 484 3647 aa
495 3615 508 3645 a
520 3599 589 3663 gloss.
752 3592 793 3642 the
811 3592 943 3658 gerundivo,
962 3589 1068 3652 showing
1087 3586 1138 3634 that
1158 3586 1176 3632 ir
1195 3583 1242 3632 had
1261 3596 1329 3630 corne

163 3677 200 3714 10.
218 3667 277 3713 lloc
299 3667 416 3730 vulgari,
435 3663 478 3714 &a
512 3664 556 3726 Cp.
572 3663 636 3710 Verr.
649 3661 702 3708 Act.
752 3668 779 3707 to
799 3658 828 3706 be
847 3657 934 3705 looked
952 3670 982 3703 on
996 3670 1022 3701 as
1038 3669 1051 3700 a
1068 3651 1158 3714 passive
1174 3651 1241 3703 form.
1256 3661 1329 3695 seems

133 3744 154 3780 ²·
166 3728 395 3793 ²·⁶⁶‚170'Verbo
406 3732 460 3778 satir
471 3731 542 3794 digno
554 3737 603 3776 tam
614 3727 702 3774 nefaria
752 3724 839 3785 mainly
857 3732 883 3770 tn
902 3735 971 3768 occur
989 3719 1058 3766 when
1077 3716 1142 3764 there
1162 3715 1180 3762 is
1200 3714 1292 3775 already
1315 3727 1329 3758 a

132 3811 163 3844 rer
174 3797 219 3844 dici
236 3811 283 3844 non
297 3797 396 3856 potest?
407 3796 437 3843 de
448 3797 505 3858 Leg.
516 3796 571 3858 Agr.
581 3807 603 3840 a.
619 3805 658 3851 14,
670 3801 702 3852 35
752 3790 831 3837 dative
847 3787 976 3848 depending
991 3799 1022 3831 on
1038 3784 1057 3830 it
1073 3783 1096 3829 in
1113 3780 1211 3828 another
1223 3779 1329 3826 relation.

132 3862 245 3909 'Verbum
256 3862 314 3908 mihi
324 3862 396 3916 deest,
406 3861 515 3922 Qrirites,
524 3874 577 3906 cunr
589 3873 632 3922 ego
643 3857 703 3904 hanc
753 3855 796 3916 Cp.
811 3854 839 3900 de
857 3853 915 3914 Imp.
930 3851 974 3898 Cn.
987 3850 1069 3909 Pomp.
1083 3844 1130 3902 ao
1147 3845 1254 3921 ‘Quibus
1269 3852 1303 3891 est
1315 3858 1329 3890 a

131 3936 266 3990 potestatem
274 3927 464 3991 regiamappello.
473 3925 622 3988 redprofecto
629 3922 703 3970 maior
752 3920 819 3968 robis
830 3913 1009 3965 consulendum!
1035 3914 1076 3960 See
1087 3912 1195 3960 however
1206 3910 1235 3957 rh.
1250 3922 1287 3965 ra,
1297 3921 1330 3970 34

132 4001 163 4042 ert
173 3993 300 4054 quaedam!
753 3986 835 4032 ‘llaec
851 3998 866 4029 a
882 3997 921 4029 me
939 3983 963 4029 in
982 3980 1080 4028 dicendo
1100 3976 1264 4038 praetereunda
1281 3987 1329 4020 non

163 4070 200 4106 ιο.
219 4059 375 4108 Decernere
389 4057 407 4104 ir
418 4066 444 4105 to
459 4057 512 4121 gire
528 4055 591 4104 one'r
602 4053 703 4102 decirion
753 4059 805 4100 eunt
815 4049 834 4107 ;'
845 4049 891 4096 and
902 4047 998 4108 Zumpt,
1012 4049 1024 4104 5
1037 4043 1095 4106 651.
1217 4103 1223 4115 ·
1240 4103 1246 4115 .

132 4123 153 4172 ln
162 4124 243 4171 favour
258 4123 287 4170 os
298 4139 344 4186 any
356 4123 469 4184 question,
481 4123 525 4169 and
540 4121 613 4170 hence
630 4119 703 4166 either
786 4131 819 4164 cc.
832 4125 855 4176 5.
867 4112 890 4162 ⁶.
913 4112 960 4160 Ibe
970 4109 1078 4176 geuualt
1093 4105 1173 4182 would
1187 4115 1269 4179 rnorrt
1279 4101 1330 4150 dne

132 4189 157 4238 ol
164 4189 203 4236 the
215 4197 300 4244 renate.
313 4194 353 4236 'to
364 4203 414 4250 pass
426 4203 440 4234 a
451 4186 546 4242 decree,'
558 4201 592 4240 or,
604 4201 628 4233 ar
639 4183 702 4238 here,
752 4179 810 4230 thtr'r
826 4179 926 4228 honam
943 4175 1026 4226 eboald
1042 4174 1068 4221 te
1082 4170 1209 4219 amnmrd
1224 4167 1280 4215 wrtb
1294 4167 1330 4215 the

132 4255 158 4303 ol
174 4269 204 4300 an
227 4253 351 4302 individual
373 4263 473 4308 senator,
491 4259 533 4299 'to
552 4260 608 4300 rote
630 4250 666 4296 sor
688 4263 702 4295 a
752 4259 821 4293 namt
831 4245 862 4305 os
868 4245 954 4299 Cicero,
965 4242 1029 4290 urbm
1040 4239 1090 4298 they
1099 4235 1192 4284 entered
1200 4233 1237 4282 thr
1247 4231 1330 4308 temple

133 4319 243 4376 motion&
262 4329 303 4367 not
321 4318 456 4380 necessarily
474 4315 586 4380 implying
606 4315 656 4364 that
673 4313 703 4361 he
752 4310 824 4360 which
832 4307 984 4367 hodrrrtatly
991 4307 1043 4353 bern
1051 4303 1086 4351 tlte
1094 4300 1229 4360 remansuri
1237 4307 1330 4346 oraton

133 4400 174 4436 urs
190 4383 229 4432 the
245 4385 342 4450 original
358 4398 466 4446 proposer
479 4383 507 4430 ol
516 4383 542 4430 it.
576 4380 703 4443 Mr.Long
753 4375 823 4426 inhia
833 4374 929 4426 honour.
963 4371 1003 4420 An
1020 4363 1245 4429 attemperatum
1262 4363 1329 4412 made
