<?xml version="1.0" encoding="UTF-8"?>
<!DOCTYPE html PUBLIC "-//W3C//DTD XHTML 1.0 Transitional//EN"
    "http://www.w3.org/TR/xhtml1/DTD/xhtml1-transitional.dtd">
<html xmlns="http://www.w3.org/1999/xhtml" xml:lang="en" lang="en">
 <head>
  <title>
</title>
<meta http-equiv="Content-Type" content="text/html;charset=utf-8" />
  <meta name='ocr-system' content='tesseract 3.04.00' />
  <meta name='ocr-capabilities' content='ocr_page ocr_carea ocr_par ocr_line ocrx_word'/>
</head>
<body>
  <div class='ocr_page' id='page_1' title='image "./philippicoratio02cicegoog_0261.png"; bbox 0 0 2998 4706; ppageno 0'>
   <div class='ocr_carea' id='block_1_1' title="bbox 158 197 1360 282">
    <p class='ocr_par' dir='ltr' id='par_1_1' title="bbox 158 197 1360 282">
     <span class='ocr_line' id='line_1_1' title="bbox 158 197 1360 282; baseline -0.005 -18"><span class='ocrx_word' id='word_1_1' title='bbox 158 201 220 282; x_wconf 74' lang='lat'>246</span> <span class='ocrx_word' id='word_1_2' title='bbox 496 201 547 262; x_wconf 86' lang='lat' dir='ltr'>M.</span> <span class='ocrx_word' id='word_1_3' title='bbox 577 199 739 262; x_wconf 84' lang='lat' dir='ltr'><em>TULLII</em></span> <span class='ocrx_word' id='word_1_4' title='bbox 767 197 1019 262; x_wconf 84' lang='lat' dir='ltr'><em>CICERONIS</em></span> <span class='ocrx_word' id='word_1_5' title='bbox 1222 211 1360 268; x_wconf 55' lang='lat' dir='ltr'>eas-⁴„</span> 
     </span>
    </p>
   </div>
   <div class='ocr_carea' id='block_1_2' title="bbox 1413 267 1425 305">
    <p class='ocr_par' dir='ltr' id='par_1_2' title="bbox 1413 267 1425 305">
     <span class='ocr_line' id='line_1_2' title="bbox 1413 267 1425 305; baseline 0 0"><span class='ocrx_word' id='word_1_6' title='bbox 1413 267 1425 305; x_wconf 73' lang='lat' dir='ltr'>b</span> 
     </span>
    </p>
   </div>
   <div class='ocr_carea' id='block_1_3' title="bbox 108 357 1453 2316">
    <p class='ocr_par' dir='ltr' id='par_1_3' title="bbox 155 357 1442 779">
     <span class='ocr_line' id='line_1_3' title="bbox 155 357 1362 448; baseline -0.005 -21"><span class='ocrx_word' id='word_1_7' title='bbox 155 361 287 448; x_wconf 87' lang='lat' dir='ltr'>perfidia</span> <span class='ocrx_word' id='word_1_8' title='bbox 311 371 345 426; x_wconf 94' lang='lat' dir='ltr'>et</span> <span class='ocrx_word' id='word_1_9' title='bbox 370 361 489 426; x_wconf 91' lang='lat' dir='ltr'>scelere</span> <span class='ocrx_word' id='word_1_10' title='bbox 513 362 672 426; x_wconf 86' lang='lat' dir='ltr'>violatae:</span> <span class='ocrx_word' id='word_1_11' title='bbox 698 370 870 426; x_wconf 87' lang='lat' dir='ltr'>nocturnus</span> <span class='ocrx_word' id='word_1_12' title='bbox 893 361 1045 424; x_wconf 85' lang='lat' dir='ltr'>introitus</span> <span class='ocrx_word' id='word_1_13' title='bbox 1065 357 1257 443; x_wconf 79' lang='lat' dir='ltr'><strong>Zmyrnam</strong></span> <span class='ocrx_word' id='word_1_14' title='bbox 1280 357 1362 439; x_wconf 77' lang='lat' dir='ltr'>qmsi</span> 
     </span>
     <span class='ocr_line' id='line_1_4' title="bbox 156 463 1433 550; baseline -0.006 -20"><span class='ocrx_word' id='word_1_15' title='bbox 156 468 191 530; x_wconf 92' lang='lat' dir='ltr'>in</span> <span class='ocrx_word' id='word_1_16' title='bbox 224 467 367 532; x_wconf 91' lang='lat' dir='ltr'>hostium</span> <span class='ocrx_word' id='word_1_17' title='bbox 395 467 518 550; x_wconf 87' lang='lat' dir='ltr'>urbem,</span> <span class='ocrx_word' id='word_1_18' title='bbox 546 485 628 550; x_wconf 89' lang='lat' dir='ltr'>quae</span> <span class='ocrx_word' id='word_1_19' title='bbox 663 475 713 529; x_wconf 90' lang='lat' dir='ltr'>est</span> <span class='ocrx_word' id='word_1_20' title='bbox 742 464 968 528; x_wconf 87' lang='lat' dir='ltr'>fidissimorum</span> <span class='ocrx_word' id='word_1_21' title='bbox 997 463 1366 546; x_wconf 80' lang='lat' dir='ltr'>antiquissimorumque</span> <span class='ocrx_word' id='word_1_22' title='bbox 1432 527 1433 538; x_wconf 18' lang='lat' dir='ltr'>p</span> 
     </span>
     <span class='ocr_line' id='line_1_5' title="bbox 155 567 1368 655; baseline -0.005 -19"><span class='ocrx_word' id='word_1_23' title='bbox 155 573 334 636; x_wconf 87' lang='lat' dir='ltr'>sociorum:</span> <span class='ocrx_word' id='word_1_24' title='bbox 353 589 520 655; x_wconf 88' lang='lat' dir='ltr'>oppressus</span> <span class='ocrx_word' id='word_1_25' title='bbox 535 568 730 654; x_wconf 86' lang='lat' dir='ltr'>Trebonius,</span> <span class='ocrx_word' id='word_1_26' title='bbox 745 571 821 634; x_wconf 85' lang='lat' dir='ltr'>siut</span> <span class='ocrx_word' id='word_1_27' title='bbox 837 570 878 632; x_wconf 91' lang='lat' dir='ltr'>ab</span> <span class='ocrx_word' id='word_1_28' title='bbox 894 587 944 653; x_wconf 87' lang='lat' dir='ltr'>eo,</span> <span class='ocrx_word' id='word_1_29' title='bbox 959 569 1014 651; x_wconf 92' lang='lat' dir='ltr'>qui</span> <span class='ocrx_word' id='word_1_30' title='bbox 1026 575 1134 651; x_wconf 88' lang='lat' dir='ltr'>aperte</span> <span class='ocrx_word' id='word_1_31' title='bbox 1147 567 1261 631; x_wconf 83' lang='lat' dir='ltr'>hostis</span> <span class='ocrx_word' id='word_1_32' title='bbox 1273 573 1368 644; x_wconf 70' lang='lat' dir='ltr'>esset,</span> 
     </span>
     <span class='ocr_line' id='line_1_6' title="bbox 156 656 1442 779; baseline -0.007 -41"><span class='ocrx_word' id='word_1_33' title='bbox 156 677 314 759; x_wconf 79' lang='lat' dir='ltr'>incautus,</span> <span class='ocrx_word' id='word_1_34' title='bbox 330 676 357 740; x_wconf 90' lang='lat' dir='ltr'>si</span> <span class='ocrx_word' id='word_1_35' title='bbox 373 683 410 738; x_wconf 92' lang='lat' dir='ltr'>ut</span> <span class='ocrx_word' id='word_1_36' title='bbox 424 675 466 738; x_wconf 91' lang='lat' dir='ltr'>ab</span> <span class='ocrx_word' id='word_1_37' title='bbox 481 693 532 758; x_wconf 89' lang='lat' dir='ltr'>e0‚</span> <span class='ocrx_word' id='word_1_38' title='bbox 547 676 600 757; x_wconf 87' lang='lat' dir='ltr'>qul</span> <span class='ocrx_word' id='word_1_39' title='bbox 618 675 701 737; x_wconf 89' lang='lat' dir='ltr'>civis</span> <span class='ocrx_word' id='word_1_40' title='bbox 722 676 824 736; x_wconf 88' lang='lat' dir='ltr'>etiam</span> <span class='ocrx_word' id='word_1_41' title='bbox 840 681 909 735; x_wconf 90' lang='lat' dir='ltr'>tum</span> <span class='ocrx_word' id='word_1_42' title='bbox 927 673 1067 756; x_wconf 87' lang='lat' dir='ltr'>speciem</span> <span class='ocrx_word' id='word_1_43' title='bbox 1087 669 1240 753; x_wconf 86' lang='lat' dir='ltr'>haberet,</span> <span class='ocrx_word' id='word_1_44' title='bbox 1260 669 1370 730; x_wconf 83' lang='lat' dir='ltr'>miser.</span> <span class='ocrx_word' id='word_1_45' title='bbox 1436 656 1442 779; x_wconf 68' lang='grc' dir='ltr'>Ι</span> 
     </span>
    </p>

    <p class='ocr_par' dir='ltr' id='par_1_4' title="bbox 125 769 1453 1274">
     <span class='ocr_line' id='line_1_7' title="bbox 125 769 1371 864; baseline -0.007 -22"><span class='ocrx_word' id='word_1_46' title='bbox 125 777 204 844; x_wconf 78' lang='lat' dir='ltr'>sEx</span> <span class='ocrx_word' id='word_1_47' title='bbox 228 799 292 864; x_wconf 90' lang='lat' dir='ltr'>quo</span> <span class='ocrx_word' id='word_1_48' title='bbox 321 781 475 842; x_wconf 89' lang='lat' dir='ltr'>nimirum</span> <span class='ocrx_word' id='word_1_49' title='bbox 500 777 727 842; x_wconf 88' lang='lat' dir='ltr'>documentum</span> <span class='ocrx_word' id='word_1_50' title='bbox 754 795 813 840; x_wconf 89' lang='lat' dir='ltr'>nos</span> <span class='ocrx_word' id='word_1_51' title='bbox 839 795 951 860; x_wconf 88' lang='lat' dir='ltr'>capere</span> <span class='ocrx_word' id='word_1_52' title='bbox 980 775 1108 838; x_wconf 88' lang='lat' dir='ltr'>fortuna</span> <span class='ocrx_word' id='word_1_53' title='bbox 1136 774 1263 856; x_wconf 82' lang='lat' dir='ltr'>voluit,</span> <span class='ocrx_word' id='word_1_54' title='bbox 1297 769 1371 854; x_wconf 74' lang='lat' dir='ltr'>qrid</span> 
     </span>
     <span class='ocr_line' id='line_1_8' title="bbox 155 877 1453 962; baseline -0.005 -15"><span class='ocrx_word' id='word_1_55' title='bbox 155 891 239 947; x_wconf 91' lang='lat' dir='ltr'>esset</span> <span class='ocrx_word' id='word_1_56' title='bbox 268 883 366 945; x_wconf 90' lang='lat' dir='ltr'>victis</span> <span class='ocrx_word' id='word_1_57' title='bbox 403 881 687 946; x_wconf 81' lang='lat' dir='ltr'>extimescendum.</span> <span class='ocrx_word' id='word_1_58' title='bbox 739 879 952 946; x_wconf 82' lang='lat' dir='ltr'>Consularem</span> <span class='ocrx_word' id='word_1_59' title='bbox 986 879 1166 962; x_wconf 82' lang='lat' dir='ltr'>hominem,</span> <span class='ocrx_word' id='word_1_60' title='bbox 1197 877 1372 942; x_wconf 70' lang='lat' dir='ltr'>consinsi</span> <span class='ocrx_word' id='word_1_61' title='bbox 1452 925 1453 928; x_wconf 16' lang='grc' dir='ltr'>η</span> 
     </span>
     <span class='ocr_line' id='line_1_9' title="bbox 156 979 1374 1071; baseline -0.008 -22"><span class='ocrx_word' id='word_1_62' title='bbox 156 985 292 1071; x_wconf 89' lang='lat' dir='ltr'>imperio</span> <span class='ocrx_word' id='word_1_63' title='bbox 312 987 511 1070; x_wconf 91' lang='lat' dir='ltr'>provinciam</span> <span class='ocrx_word' id='word_1_64' title='bbox 532 985 645 1048; x_wconf 87' lang='lat' dir='ltr'>Asiam</span> <span class='ocrx_word' id='word_1_65' title='bbox 668 985 884 1069; x_wconf 85' lang='lat' dir='ltr'>obtinentem,</span> <span class='ocrx_word' id='word_1_66' title='bbox 904 983 1061 1048; x_wconf 83' lang='lat' dir='ltr'>Samiario</span> <span class='ocrx_word' id='word_1_67' title='bbox 1081 983 1181 1045; x_wconf 77' lang='lat' dir='ltr'>exsili</span> <span class='ocrx_word' id='word_1_68' title='bbox 1204 979 1374 1046; x_wconf 71' lang='lat' dir='ltr'>tradidit:</span> 
     </span>
     <span class='ocr_line' id='line_1_10' title="bbox 155 1085 1453 1173; baseline -0.006 -20"><span class='ocrx_word' id='word_1_69' title='bbox 155 1089 335 1153; x_wconf 90' lang='lat' dir='ltr'>interlicere</span> <span class='ocrx_word' id='word_1_70' title='bbox 361 1097 491 1173; x_wconf 90' lang='lat' dir='ltr'>captum</span> <span class='ocrx_word' id='word_1_71' title='bbox 521 1091 635 1153; x_wconf 87' lang='lat' dir='ltr'>statim</span> <span class='ocrx_word' id='word_1_72' title='bbox 661 1090 778 1173; x_wconf 88' lang='lat' dir='ltr'>noluit,</span> <span class='ocrx_word' id='word_1_73' title='bbox 803 1109 844 1152; x_wconf 89' lang='lat' dir='ltr'>ne</span> <span class='ocrx_word' id='word_1_74' title='bbox 874 1089 985 1168; x_wconf 91' lang='lat' dir='ltr'>nimis,</span> <span class='ocrx_word' id='word_1_75' title='bbox 1015 1087 1122 1170; x_wconf 86' lang='lat' dir='ltr'>credo,</span> <span class='ocrx_word' id='word_1_76' title='bbox 1150 1087 1190 1148; x_wconf 91' lang='lat' dir='ltr'>in</span> <span class='ocrx_word' id='word_1_77' title='bbox 1219 1085 1375 1147; x_wconf 78' lang='lat' dir='ltr'>victoria</span> <span class='ocrx_word' id='word_1_78' title='bbox 1452 1141 1453 1158; x_wconf 62' lang='grc'>,</span> 
     </span>
     <span class='ocr_line' id='line_1_11' title="bbox 155 1191 1375 1274; baseline -0.005 -17"><span class='ocrx_word' id='word_1_79' title='bbox 155 1193 296 1257; x_wconf 88' lang='lat' dir='ltr'>liberalis</span> <span class='ocrx_word' id='word_1_80' title='bbox 317 1193 488 1257; x_wconf 89' lang='lat' dir='ltr'>videretur.</span> <span class='ocrx_word' id='word_1_81' title='bbox 531 1192 616 1259; x_wconf 93' lang='lat' dir='ltr'>Cum</span> <span class='ocrx_word' id='word_1_82' title='bbox 641 1193 809 1256; x_wconf 91' lang='lat' dir='ltr'>verborum</span> <span class='ocrx_word' id='word_1_83' title='bbox 833 1192 1040 1256; x_wconf 89' lang='lat' dir='ltr'>contumeliis</span> <span class='ocrx_word' id='word_1_84' title='bbox 1063 1192 1225 1274; x_wconf 88' lang='lat' dir='ltr'>optimum</span> <span class='ocrx_word' id='word_1_85' title='bbox 1258 1191 1375 1252; x_wconf 84' lang='lat' dir='ltr'>virum</span> 
     </span>
    </p>

    <p class='ocr_par' dir='ltr' id='par_1_5' title="bbox 109 1291 1400 1796">
     <span class='ocr_line' id='line_1_12' title="bbox 109 1291 1373 1382; baseline -0.006 -21"><span class='ocrx_word' id='word_1_86' title='bbox 109 1323 141 1362; x_wconf 85' lang='grc' dir='ltr'>ιο</span> <span class='ocrx_word' id='word_1_87' title='bbox 154 1301 280 1364; x_wconf 87' lang='lat' dir='ltr'>incesto</span> <span class='ocrx_word' id='word_1_88' title='bbox 300 1317 354 1362; x_wconf 91' lang='lat' dir='ltr'>ore</span> <span class='ocrx_word' id='word_1_89' title='bbox 377 1298 560 1382; x_wconf 83' lang='lat' dir='ltr'>lacerasset,</span> <span class='ocrx_word' id='word_1_90' title='bbox 583 1305 650 1360; x_wconf 93' lang='lat' dir='ltr'>tum</span> <span class='ocrx_word' id='word_1_91' title='bbox 672 1291 855 1360; x_wconf 87' lang='lat' dir='ltr'>verberibus</span> <span class='ocrx_word' id='word_1_92' title='bbox 877 1315 916 1360; x_wconf 92' lang='lat' dir='ltr'>ac</span> <span class='ocrx_word' id='word_1_93' title='bbox 937 1296 1109 1360; x_wconf 90' lang='lat' dir='ltr'>tormentis</span> <span class='ocrx_word' id='word_1_94' title='bbox 1130 1296 1373 1378; x_wconf 72' lang='lat' dir='ltr'>quaestionem</span> 
     </span>
     <span class='ocr_line' id='line_1_13' title="bbox 152 1397 1374 1488; baseline -0.008 -20"><span class='ocrx_word' id='word_1_95' title='bbox 152 1405 264 1470; x_wconf 84' lang='lat' dir='ltr'>habuit</span> <span class='ocrx_word' id='word_1_96' title='bbox 301 1403 458 1488; x_wconf 91' lang='lat' dir='ltr'>pecuniae</span> <span class='ocrx_word' id='word_1_97' title='bbox 487 1400 634 1485; x_wconf 89' lang='lat' dir='ltr'>publicae</span> <span class='ocrx_word' id='word_1_98' title='bbox 665 1401 759 1484; x_wconf 90' lang='lat' dir='ltr'>idque</span> <span class='ocrx_word' id='word_1_99' title='bbox 796 1419 852 1485; x_wconf 93' lang='lat' dir='ltr'>per</span> <span class='ocrx_word' id='word_1_100' title='bbox 889 1401 1039 1464; x_wconf 90' lang='lat' dir='ltr'>biduum:</span> <span class='ocrx_word' id='word_1_101' title='bbox 1074 1407 1146 1482; x_wconf 86' lang='lat' dir='ltr'>post</span> <span class='ocrx_word' id='word_1_102' title='bbox 1176 1397 1374 1462; x_wconf 81' lang='lat' dir='ltr'>cervicibus</span> 
     </span>
     <span class='ocr_line' id='line_1_14' title="bbox 152 1503 1372 1590; baseline -0.007 -20"><span class='ocrx_word' id='word_1_103' title='bbox 152 1507 262 1572; x_wconf 83' lang='lat' dir='ltr'>fractis</span> <span class='ocrx_word' id='word_1_104' title='bbox 288 1515 383 1590; x_wconf 91' lang='lat' dir='ltr'>caput</span> <span class='ocrx_word' id='word_1_105' title='bbox 410 1504 547 1568; x_wconf 87' lang='lat' dir='ltr'>abscidit</span> <span class='ocrx_word' id='word_1_106' title='bbox 575 1504 669 1588; x_wconf 92' lang='lat' dir='ltr'>idque</span> <span class='ocrx_word' id='word_1_107' title='bbox 697 1503 834 1568; x_wconf 84' lang='lat' dir='ltr'>adfixum</span> <span class='ocrx_word' id='word_1_108' title='bbox 861 1505 980 1587; x_wconf 88' lang='lat' dir='ltr'>gestari</span> <span class='ocrx_word' id='word_1_109' title='bbox 1010 1505 1103 1568; x_wconf 90' lang='lat' dir='ltr'>iussit</span> <span class='ocrx_word' id='word_1_110' title='bbox 1125 1505 1161 1565; x_wconf 92' lang='lat' dir='ltr'>in</span> <span class='ocrx_word' id='word_1_111' title='bbox 1189 1503 1287 1586; x_wconf 90' lang='lat' dir='ltr'>pilo:</span> <span class='ocrx_word' id='word_1_112' title='bbox 1322 1519 1372 1562; x_wconf 89' lang='lat' dir='ltr'>re-</span> 
     </span>
     <span class='ocr_line' id='line_1_15' title="bbox 153 1604 1400 1694; baseline -0.007 -21"><span class='ocrx_word' id='word_1_113' title='bbox 153 1611 274 1694; x_wconf 91' lang='lat' dir='ltr'>liquum</span> <span class='ocrx_word' id='word_1_114' title='bbox 296 1625 408 1693; x_wconf 85' lang='lat' dir='ltr'>corpus</span> <span class='ocrx_word' id='word_1_115' title='bbox 430 1617 568 1672; x_wconf 88' lang='lat' dir='ltr'>tractum</span> <span class='ocrx_word' id='word_1_116' title='bbox 588 1611 700 1694; x_wconf 87' lang='lat' dir='ltr'>[atque</span> <span class='ocrx_word' id='word_1_117' title='bbox 723 1608 898 1694; x_wconf 88' lang='lat' dir='ltr'>laniatum]</span> <span class='ocrx_word' id='word_1_118' title='bbox 918 1608 1039 1671; x_wconf 87' lang='lat' dir='ltr'>abiecit</span> <span class='ocrx_word' id='word_1_119' title='bbox 1064 1609 1099 1670; x_wconf 90' lang='lat' dir='ltr'>in</span> <span class='ocrx_word' id='word_1_120' title='bbox 1125 1625 1224 1669; x_wconf 89' lang='lat' dir='ltr'>mare.</span> <span class='ocrx_word' id='word_1_121' title='bbox 1277 1604 1400 1669; x_wconf 83' lang='lat' dir='ltr'>Cume</span> 
     </span>
     <span class='ocr_line' id='line_1_16' title="bbox 152 1709 1370 1796; baseline -0.002 -22"><span class='ocrx_word' id='word_1_122' title='bbox 152 1715 212 1776; x_wconf 91' lang='lat' dir='ltr'>hoc</span> <span class='ocrx_word' id='word_1_123' title='bbox 248 1713 339 1776; x_wconf 89' lang='lat' dir='ltr'>hoste</span> <span class='ocrx_word' id='word_1_124' title='bbox 375 1711 559 1776; x_wconf 85' lang='lat' dir='ltr'>bellandum</span> <span class='ocrx_word' id='word_1_125' title='bbox 596 1721 657 1796; x_wconf 87' lang='lat' dir='ltr'>est,</span> <span class='ocrx_word' id='word_1_126' title='bbox 686 1713 777 1775; x_wconf 90' lang='lat' dir='ltr'>cuius</span> <span class='ocrx_word' id='word_1_127' title='bbox 811 1714 997 1776; x_wconf 87' lang='lat' dir='ltr'>taeterrima</span> <span class='ocrx_word' id='word_1_128' title='bbox 1026 1709 1217 1775; x_wconf 90' lang='lat' dir='ltr'>crudelitate</span> <span class='ocrx_word' id='word_1_129' title='bbox 1249 1710 1370 1774; x_wconf 90' lang='lat' dir='ltr'>omnis</span> 
     </span>
    </p>

    <p class='ocr_par' dir='ltr' id='par_1_6' title="bbox 108 1811 1400 2316">
     <span class='ocr_line' id='line_1_17' title="bbox 108 1811 1370 1903; baseline -0.005 -23"><span class='ocrx_word' id='word_1_130' title='bbox 108 1835 136 1886; x_wconf 74' lang='grc' dir='ltr'>ιε</span> <span class='ocrx_word' id='word_1_131' title='bbox 152 1815 297 1880; x_wconf 85' lang='lat' dir='ltr'>barbaria</span> <span class='ocrx_word' id='word_1_132' title='bbox 311 1824 459 1900; x_wconf 90' lang='lat' dir='ltr'>superata</span> <span class='ocrx_word' id='word_1_133' title='bbox 474 1825 532 1880; x_wconf 87' lang='lat' dir='ltr'>est.</span> <span class='ocrx_word' id='word_1_134' title='bbox 577 1816 667 1903; x_wconf 86' lang='lat' dir='ltr'>Qid</span> <span class='ocrx_word' id='word_1_135' title='bbox 684 1816 792 1900; x_wconf 90' lang='lat' dir='ltr'>loquar</span> <span class='ocrx_word' id='word_1_136' title='bbox 807 1815 846 1879; x_wconf 93' lang='lat' dir='ltr'>de</span> <span class='ocrx_word' id='word_1_137' title='bbox 861 1817 959 1880; x_wconf 91' lang='lat' dir='ltr'>caede</span> <span class='ocrx_word' id='word_1_138' title='bbox 974 1817 1095 1880; x_wconf 88' lang='lat' dir='ltr'>civium</span> <span class='ocrx_word' id='word_1_139' title='bbox 1110 1811 1370 1878; x_wconf 87' lang='lat' dir='ltr'>Romanorum?</span> 
     </span>
     <span class='ocr_line' id='line_1_18' title="bbox 151 1914 1368 2004; baseline -0.005 -21"><span class='ocrx_word' id='word_1_140' title='bbox 151 1920 192 1983; x_wconf 89' lang='lat' dir='ltr'>de</span> <span class='ocrx_word' id='word_1_141' title='bbox 217 1919 399 2004; x_wconf 88' lang='lat' dir='ltr'>direptione</span> <span class='ocrx_word' id='word_1_142' title='bbox 426 1919 601 1985; x_wconf 87' lang='lat' dir='ltr'>fanorum?</span> <span class='ocrx_word' id='word_1_143' title='bbox 634 1922 706 2004; x_wconf 94' lang='lat' dir='ltr'>quis</span> <span class='ocrx_word' id='word_1_144' title='bbox 732 1921 862 2003; x_wconf 89' lang='lat' dir='ltr'>estqui</span> <span class='ocrx_word' id='word_1_145' title='bbox 889 1939 946 2004; x_wconf 91' lang='lat' dir='ltr'>pro</span> <span class='ocrx_word' id='word_1_146' title='bbox 970 1939 1075 1982; x_wconf 90' lang='lat' dir='ltr'>rerum</span> <span class='ocrx_word' id='word_1_147' title='bbox 1100 1919 1278 1982; x_wconf 86' lang='lat' dir='ltr'>atrocitate</span> <span class='ocrx_word' id='word_1_148' title='bbox 1309 1914 1368 1978; x_wconf 90' lang='lat' dir='ltr'>de-</span> 
     </span>
     <span class='ocr_line' id='line_1_19' title="bbox 150 2022 1365 2110; baseline -0.003 -22"><span class='ocrx_word' id='word_1_149' title='bbox 150 2025 273 2110; x_wconf 91' lang='lat' dir='ltr'>plorare</span> <span class='ocrx_word' id='word_1_150' title='bbox 300 2032 409 2087; x_wconf 90' lang='lat' dir='ltr'>tantas</span> <span class='ocrx_word' id='word_1_151' title='bbox 436 2023 639 2088; x_wconf 86' lang='lat' dir='ltr'>calamitates</span> <span class='ocrx_word' id='word_1_152' title='bbox 663 2025 785 2107; x_wconf 87' lang='lat' dir='ltr'>queat?</span> <span class='ocrx_word' id='word_1_153' title='bbox 829 2023 870 2087; x_wconf 92' lang='lat' dir='ltr'>Et</span> <span class='ocrx_word' id='word_1_154' title='bbox 899 2043 985 2088; x_wconf 92' lang='lat' dir='ltr'>nunc</span> <span class='ocrx_word' id='word_1_155' title='bbox 1008 2031 1078 2086; x_wconf 88' lang='lat' dir='ltr'>tota</span> <span class='ocrx_word' id='word_1_156' title='bbox 1105 2022 1183 2084; x_wconf 89' lang='lat' dir='ltr'>Asia</span> <span class='ocrx_word' id='word_1_157' title='bbox 1207 2029 1365 2104; x_wconf 86' lang='lat' dir='ltr'>vagatur,</span> 
     </span>
     <span class='ocr_line' id='line_1_20' title="bbox 150 2123 1366 2212; baseline -0.003 -22"><span class='ocrx_word' id='word_1_158' title='bbox 150 2128 267 2193; x_wconf 89' lang='lat' dir='ltr'>volitat</span> <span class='ocrx_word' id='word_1_159' title='bbox 279 2136 313 2191; x_wconf 91' lang='lat' dir='ltr'>ut</span> <span class='ocrx_word' id='word_1_160' title='bbox 329 2147 395 2211; x_wconf 84' lang='lat' dir='ltr'>rex,</span> <span class='ocrx_word' id='word_1_161' title='bbox 410 2146 470 2191; x_wconf 91' lang='lat' dir='ltr'>nos</span> <span class='ocrx_word' id='word_1_162' title='bbox 484 2127 550 2191; x_wconf 92' lang='lat' dir='ltr'>alio</span> <span class='ocrx_word' id='word_1_163' title='bbox 565 2127 651 2192; x_wconf 91' lang='lat' dir='ltr'>bello</span> <span class='ocrx_word' id='word_1_164' title='bbox 673 2128 821 2192; x_wconf 87' lang='lat' dir='ltr'>distineri</span> <span class='ocrx_word' id='word_1_165' title='bbox 845 2135 956 2212; x_wconf 91' lang='lat' dir='ltr'>putat:</span> <span class='ocrx_word' id='word_1_166' title='bbox 977 2129 1066 2211; x_wconf 84' lang='lat' dir='ltr'>quasi</span> <span class='ocrx_word' id='word_1_167' title='bbox 1082 2144 1159 2188; x_wconf 89' lang='lat' dir='ltr'>vero</span> <span class='ocrx_word' id='word_1_168' title='bbox 1178 2144 1245 2188; x_wconf 92' lang='lat' dir='ltr'>non</span> <span class='ocrx_word' id='word_1_169' title='bbox 1267 2123 1366 2187; x_wconf 85' lang='lat' dir='ltr'>idern</span> 
     </span>
     <span class='ocr_line' id='line_1_21' title="bbox 150 2215 1400 2316; baseline -0.002 -21"><span class='ocrx_word' id='word_1_170' title='bbox 150 2251 310 2315; x_wconf 91' lang='lat' dir='ltr'>unumque</span> <span class='ocrx_word' id='word_1_171' title='bbox 325 2231 445 2294; x_wconf 92' lang='lat' dir='ltr'>bellum</span> <span class='ocrx_word' id='word_1_172' title='bbox 460 2221 503 2295; x_wconf 84' lang='lat' dir='ltr'>sit</span> <span class='ocrx_word' id='word_1_173' title='bbox 519 2240 633 2295; x_wconf 90' lang='lat' dir='ltr'>contra</span> <span class='ocrx_word' id='word_1_174' title='bbox 651 2233 711 2296; x_wconf 91' lang='lat' dir='ltr'>hoc</span> <span class='ocrx_word' id='word_1_175' title='bbox 732 2233 841 2316; x_wconf 88' lang='lat' dir='ltr'>iugum</span> <span class='ocrx_word' id='word_1_176' title='bbox 859 2233 1032 2316; x_wconf 85' lang='lat' dir='ltr'>impiorum</span> <span class='ocrx_word' id='word_1_177' title='bbox 1052 2229 1221 2294; x_wconf 87' lang='lat' dir='ltr'>nefarium.</span> <span class='ocrx_word' id='word_1_178' title='bbox 1271 2215 1400 2292; x_wconf 80' lang='lat' dir='ltr'>lma-3</span> 
     </span>
    </p>
   </div>
   <div class='ocr_carea' id='block_1_4' title="bbox 147 2435 1362 2731">
    <p class='ocr_par' dir='ltr' id='par_1_7' title="bbox 147 2435 1362 2731">
     <span class='ocr_line' id='line_1_22' title="bbox 150 2435 1362 2524; baseline -0.002 -24"><span class='ocrx_word' id='word_1_179' title='bbox 150 2438 256 2502; x_wconf 87' lang='lat' dir='ltr'>efficta</span> <span class='ocrx_word' id='word_1_180' title='bbox 287 2448 348 2523; x_wconf 89' lang='lat' dir='ltr'>est,</span> <span class='ocrx_word' id='word_1_181' title='bbox 376 2439 417 2501; x_wconf 89' lang='lat' dir='ltr'>ab</span> <span class='ocrx_word' id='word_1_182' title='bbox 447 2439 508 2501; x_wconf 94' lang='lat' dir='ltr'>hoc</span> <span class='ocrx_word' id='word_1_183' title='bbox 535 2438 724 2502; x_wconf 86' lang='lat' dir='ltr'>Dolabellae</span> <span class='ocrx_word' id='word_1_184' title='bbox 750 2440 904 2502; x_wconf 90' lang='lat' dir='ltr'>scelerum</span> <span class='ocrx_word' id='word_1_185' title='bbox 929 2447 1099 2524; x_wconf 82' lang='lat' dir='ltr'>praecepta</span> <span class='ocrx_word' id='word_1_186' title='bbox 1122 2444 1197 2500; x_wconf 91' lang='lat' dir='ltr'>sunt</span> <span class='ocrx_word' id='word_1_187' title='bbox 1221 2435 1362 2499; x_wconf 69' lang='lat' dir='ltr'>tradita·</span> 
     </span>
     <span class='ocr_line' id='line_1_23' title="bbox 149 2539 1362 2638; baseline -0.002 -32"><span class='ocrx_word' id='word_1_188' title='bbox 149 2542 242 2606; x_wconf 94' lang='lat' dir='ltr'>Num</span> <span class='ocrx_word' id='word_1_189' title='bbox 265 2542 432 2627; x_wconf 86' lang='lat' dir='ltr'>leniorem,</span> <span class='ocrx_word' id='word_1_190' title='bbox 452 2561 546 2626; x_wconf 91' lang='lat' dir='ltr'>quam</span> <span class='ocrx_word' id='word_1_191' title='bbox 571 2545 606 2605; x_wconf 92' lang='lat' dir='ltr'>in</span> <span class='ocrx_word' id='word_1_192' title='bbox 623 2544 703 2607; x_wconf 88' lang='lat' dir='ltr'>Asia</span> <span class='ocrx_word' id='word_1_193' title='bbox 722 2542 891 2607; x_wconf 89' lang='lat' dir='ltr'>Dolabella</span> <span class='ocrx_word' id='word_1_194' title='bbox 913 2542 987 2626; x_wconf 77' lang='lat' dir='ltr'>filit,</span> <span class='ocrx_word' id='word_1_195' title='bbox 1006 2539 1167 2624; x_wconf 82' lang='lat' dir='ltr'>initalia,</span> <span class='ocrx_word' id='word_1_196' title='bbox 1187 2541 1218 2638; x_wconf 78' lang='lat' dir='ltr'>si</span> <span class='ocrx_word' id='word_1_197' title='bbox 1242 2539 1362 2622; x_wconf 86' lang='lat' dir='ltr'>liceat,</span> 
     </span>
     <span class='ocr_line' id='line_1_24' title="bbox 147 2642 1360 2731; baseline -0.002 -23"><span class='ocrx_word' id='word_1_198' title='bbox 147 2645 215 2708; x_wconf 90' lang='lat' dir='ltr'>fore</span> <span class='ocrx_word' id='word_1_199' title='bbox 238 2648 359 2730; x_wconf 88' lang='lat' dir='ltr'>putatis</span> <span class='ocrx_word' id='word_1_200' title='bbox 374 2646 581 2711; x_wconf 86' lang='lat' dir='ltr'>Antonium?</span> <span class='ocrx_word' id='word_1_201' title='bbox 625 2645 713 2710; x_wconf 89' lang='lat' dir='ltr'>Mihi</span> <span class='ocrx_word' id='word_1_202' title='bbox 733 2646 862 2731; x_wconf 92' lang='lat' dir='ltr'>quidem</span> <span class='ocrx_word' id='word_1_203' title='bbox 882 2655 915 2709; x_wconf 95' lang='lat' dir='ltr'>et</span> <span class='ocrx_word' id='word_1_204' title='bbox 936 2646 992 2709; x_wconf 92' lang='lat' dir='ltr'>ille</span> <span class='ocrx_word' id='word_1_205' title='bbox 1011 2646 1194 2730; x_wconf 85' lang='lat' dir='ltr'>pervenisse</span> <span class='ocrx_word' id='word_1_206' title='bbox 1212 2642 1360 2726; x_wconf 86' lang='lat' dir='ltr'>videtur,</span> 
     </span>
    </p>
   </div>
   <div class='ocr_carea' id='block_1_5' title="bbox 127 2875 1358 3660">
    <p class='ocr_par' dir='ltr' id='par_1_8' title="bbox 127 2875 1358 3137">
     <span class='ocr_line' id='line_1_25' title="bbox 182 2875 1356 2941; baseline -0.003 -13"><span class='ocrx_word' id='word_1_207' title='bbox 182 2893 202 2929; x_wconf 92' lang='lat'>1.</span> <span class='ocrx_word' id='word_1_208' title='bbox 221 2877 377 2941; x_wconf 83' lang='lat' dir='ltr'>Zmyrn&#39;am.</span> <span class='ocrx_word' id='word_1_209' title='bbox 414 2878 444 2925; x_wconf 83' lang='lat' dir='ltr'>So</span> <span class='ocrx_word' id='word_1_210' title='bbox 464 2877 541 2935; x_wconf 79' lang='lat' dir='ltr'>ilslm.</span> <span class='ocrx_word' id='word_1_211' title='bbox 564 2893 595 2926; x_wconf 87' lang='lat' dir='ltr'>on</span> <span class='ocrx_word' id='word_1_212' title='bbox 611 2879 661 2926; x_wconf 85' lang='lat' dir='ltr'>MS.</span> <span class='ocrx_word' id='word_1_213' title='bbox 682 2893 721 2926; x_wconf 85' lang='lat' dir='ltr'>su·</span> <span class='ocrx_word' id='word_1_214' title='bbox 771 2879 823 2926; x_wconf 89' lang='lat' dir='ltr'>tion</span> <span class='ocrx_word' id='word_1_215' title='bbox 834 2879 862 2926; x_wconf 87' lang='lat' dir='ltr'>ol</span> <span class='ocrx_word' id='word_1_216' title='bbox 870 2878 911 2926; x_wconf 92' lang='lat' dir='ltr'>the</span> <span class='ocrx_word' id='word_1_217' title='bbox 922 2877 1043 2939; x_wconf 82' lang='lat' dir='ltr'>erneltyor</span> <span class='ocrx_word' id='word_1_218' title='bbox 1054 2875 1174 2938; x_wconf 77' lang='lat' dir='ltr'>treachery</span> <span class='ocrx_word' id='word_1_219' title='bbox 1183 2876 1212 2923; x_wconf 85' lang='lat' dir='ltr'>ol</span> <span class='ocrx_word' id='word_1_220' title='bbox 1219 2875 1356 2925; x_wconf 80' lang='lat' dir='ltr'>Dolabella.</span> 
     </span>
     <span class='ocr_line' id='line_1_26' title="bbox 127 2941 1358 3006; baseline -0.003 -14"><span class='ocrx_word' id='word_1_221' title='bbox 127 2965 137 2974; x_wconf 94' lang='lat'><em>·</em></span> <span class='ocrx_word' id='word_1_222' title='bbox 147 2945 243 3006; x_wconf 87' lang='lat' dir='ltr'>thority.</span> <span class='ocrx_word' id='word_1_223' title='bbox 254 2945 309 2992; x_wconf 89' lang='lat' dir='ltr'>here</span> <span class='ocrx_word' id='word_1_224' title='bbox 320 2945 365 2992; x_wconf 79' lang='lat' dir='ltr'>end</span> <span class='ocrx_word' id='word_1_225' title='bbox 378 2959 421 3005; x_wconf 87' lang='lat' dir='ltr'>pro</span> <span class='ocrx_word' id='word_1_226' title='bbox 433 2943 498 2992; x_wconf 82' lang='lat' dir='ltr'>leb.</span> <span class='ocrx_word' id='word_1_227' title='bbox 512 2957 550 3000; x_wconf 88' lang='lat'>11,</span> <span class='ocrx_word' id='word_1_228' title='bbox 564 2945 602 2993; x_wconf 80' lang='lat'>28.</span> <span class='ocrx_word' id='word_1_229' title='bbox 624 2945 720 3006; x_wconf 78' lang='lat' dir='ltr'>Smyrna</span> <span class='ocrx_word' id='word_1_230' title='bbox 772 2945 862 3006; x_wconf 77' lang='lat' dir='ltr'>Appisn</span> <span class='ocrx_word' id='word_1_231' title='bbox 873 2943 993 2992; x_wconf 76' lang='lat' dir='ltr'>attributes</span> <span class='ocrx_word' id='word_1_232' title='bbox 1005 2942 1044 2990; x_wconf 90' lang='lat' dir='ltr'>the</span> <span class='ocrx_word' id='word_1_233' title='bbox 1061 2943 1171 3006; x_wconf 77' lang='lat' dir='ltr'>insulting</span> <span class='ocrx_word' id='word_1_234' title='bbox 1186 2949 1314 2990; x_wconf 66' lang='lat' dir='ltr'>mannent</span> <span class='ocrx_word' id='word_1_235' title='bbox 1327 2941 1358 2990; x_wconf 86' lang='lat' dir='ltr'>oi</span> 
     </span>
     <span class='ocr_line' id='line_1_27' title="bbox 147 3007 1353 3074; baseline 0 -18"><span class='ocrx_word' id='word_1_236' title='bbox 147 3011 266 3072; x_wconf 83' lang='lat' dir='ltr'>especially</span> <span class='ocrx_word' id='word_1_237' title='bbox 274 3008 440 3074; x_wconf 87' lang='lat' dir='ltr'>distinguished</span> <span class='ocrx_word' id='word_1_238' title='bbox 449 3010 516 3065; x_wconf 85' lang='lat' dir='ltr'>ltsell,</span> <span class='ocrx_word' id='word_1_239' title='bbox 529 3010 552 3057; x_wconf 93' lang='lat' dir='ltr'>in</span> <span class='ocrx_word' id='word_1_240' title='bbox 561 3010 656 3058; x_wconf 82' lang='lat' dir='ltr'>thewsr</span> <span class='ocrx_word' id='word_1_241' title='bbox 663 3009 721 3057; x_wconf 86' lang='lat' dir='ltr'>with</span> <span class='ocrx_word' id='word_1_242' title='bbox 771 3009 811 3056; x_wconf 90' lang='lat' dir='ltr'>the</span> <span class='ocrx_word' id='word_1_243' title='bbox 822 3010 885 3071; x_wconf 83' lang='lat' dir='ltr'>body</span> <span class='ocrx_word' id='word_1_244' title='bbox 902 3017 927 3056; x_wconf 91' lang='lat' dir='ltr'>to</span> <span class='ocrx_word' id='word_1_245' title='bbox 945 3009 985 3056; x_wconf 87' lang='lat' dir='ltr'>the</span> <span class='ocrx_word' id='word_1_246' title='bbox 1001 3008 1083 3055; x_wconf 85' lang='lat' dir='ltr'>hatred</span> <span class='ocrx_word' id='word_1_247' title='bbox 1102 3008 1141 3055; x_wconf 78' lang='lat' dir='ltr'>felt</span> <span class='ocrx_word' id='word_1_248' title='bbox 1158 3007 1242 3069; x_wconf 85' lang='lat' dir='ltr'>hythe</span> <span class='ocrx_word' id='word_1_249' title='bbox 1253 3008 1353 3056; x_wconf 75' lang='lat' dir='ltr'>soldius</span> 
     </span>
     <span class='ocr_line' id='line_1_28' title="bbox 147 3071 1217 3137; baseline -0.003 -15"><span class='ocrx_word' id='word_1_250' title='bbox 147 3075 301 3132; x_wconf 80' lang='lat' dir='ltr'>Mithridates,</span> <span class='ocrx_word' id='word_1_251' title='bbox 313 3075 348 3122; x_wconf 85' lang='lat' dir='ltr'>for</span> <span class='ocrx_word' id='word_1_252' title='bbox 359 3073 446 3137; x_wconf 86' lang='lat' dir='ltr'>fidelity</span> <span class='ocrx_word' id='word_1_253' title='bbox 457 3083 483 3122; x_wconf 92' lang='lat' dir='ltr'>to</span> <span class='ocrx_word' id='word_1_254' title='bbox 496 3077 580 3124; x_wconf 86' lang='lat' dir='ltr'>Rome.</span> <span class='ocrx_word' id='word_1_255' title='bbox 770 3076 869 3123; x_wconf 75' lang='lat' dir='ltr'>towards</span> <span class='ocrx_word' id='word_1_256' title='bbox 881 3089 925 3122; x_wconf 89' lang='lat' dir='ltr'>one</span> <span class='ocrx_word' id='word_1_257' title='bbox 935 3075 964 3121; x_wconf 90' lang='lat' dir='ltr'>ol</span> <span class='ocrx_word' id='word_1_258' title='bbox 971 3071 1073 3121; x_wconf 70' lang='lat' dir='ltr'>Oeuar&#39;s</span> <span class='ocrx_word' id='word_1_259' title='bbox 1083 3074 1217 3120; x_wconf 85' lang='lat' dir='ltr'>murderers.</span> 
     </span>
    </p>

    <p class='ocr_par' dir='ltr' id='par_1_9' title="bbox 144 3138 1354 3530">
     <span class='ocr_line' id='line_1_29' title="bbox 180 3138 1353 3204; baseline -0.002 -16"><span class='ocrx_word' id='word_1_260' title='bbox 180 3153 202 3201; x_wconf 83' lang='lat'>3.</span> <span class='ocrx_word' id='word_1_261' title='bbox 219 3141 244 3188; x_wconf 91' lang='lat' dir='ltr'>Si</span> <span class='ocrx_word' id='word_1_262' title='bbox 265 3151 292 3188; x_wconf 90' lang='lat' dir='ltr'>ut</span> <span class='ocrx_word' id='word_1_263' title='bbox 318 3143 350 3189; x_wconf 84' lang='lat' dir='ltr'>ab</span> <span class='ocrx_word' id='word_1_264' title='bbox 373 3156 414 3196; x_wconf 83' lang='lat' dir='ltr'>eo.</span> <span class='ocrx_word' id='word_1_265' title='bbox 431 3140 484 3196; x_wconf 77' lang='lat' dir='ltr'>tre..</span> <span class='ocrx_word' id='word_1_266' title='bbox 503 3142 539 3187; x_wconf 82' lang='lat' dir='ltr'>‘it&#39;</span> <span class='ocrx_word' id='word_1_267' title='bbox 553 3142 584 3204; x_wconf 89' lang='lat' dir='ltr'>by</span> <span class='ocrx_word' id='word_1_268' title='bbox 604 3157 648 3189; x_wconf 87' lang='lat' dir='ltr'>one</span> <span class='ocrx_word' id='word_1_269' title='bbox 666 3141 721 3189; x_wconf 84' lang='lat' dir='ltr'>who</span> <span class='ocrx_word' id='word_1_270' title='bbox 806 3143 908 3190; x_wconf 79' lang='lat' dir='ltr'>Exsuli.</span> <span class='ocrx_word' id='word_1_271' title='bbox 942 3140 1028 3200; x_wconf 77' lang='lat' dir='ltr'>Aplay</span> <span class='ocrx_word' id='word_1_272' title='bbox 1041 3153 1072 3186; x_wconf 89' lang='lat' dir='ltr'>on</span> <span class='ocrx_word' id='word_1_273' title='bbox 1088 3140 1127 3187; x_wconf 91' lang='lat' dir='ltr'>the</span> <span class='ocrx_word' id='word_1_274' title='bbox 1142 3139 1225 3192; x_wconf 79' lang='lat' dir='ltr'>words.</span> <span class='ocrx_word' id='word_1_275' title='bbox 1237 3138 1319 3186; x_wconf 82' lang='lat' dir='ltr'>which</span> <span class='ocrx_word' id='word_1_276' title='bbox 1333 3141 1353 3186; x_wconf 84' lang='lat' dir='ltr'>is</span> 
     </span>
     <span class='ocr_line' id='line_1_30' title="bbox 146 3203 1354 3269; baseline 0.002 -19"><span class='ocrx_word' id='word_1_277' title='bbox 146 3219 192 3251; x_wconf 85' lang='lat' dir='ltr'>wss</span> <span class='ocrx_word' id='word_1_278' title='bbox 209 3205 233 3250; x_wconf 89' lang='lat' dir='ltr'>in</span> <span class='ocrx_word' id='word_1_279' title='bbox 251 3204 291 3251; x_wconf 89' lang='lat' dir='ltr'>the</span> <span class='ocrx_word' id='word_1_280' title='bbox 307 3205 407 3265; x_wconf 85' lang='lat' dir='ltr'>position</span> <span class='ocrx_word' id='word_1_281' title='bbox 423 3207 451 3251; x_wconf 83' lang='lat' dir='ltr'>of</span> <span class='ocrx_word' id='word_1_282' title='bbox 463 3221 491 3252; x_wconf 85' lang='lat' dir='ltr'>sn</span> <span class='ocrx_word' id='word_1_283' title='bbox 508 3221 567 3266; x_wconf 89' lang='lat' dir='ltr'>open</span> <span class='ocrx_word' id='word_1_284' title='bbox 585 3221 677 3269; x_wconf 88' lang='lat' dir='ltr'>enemy,</span> <span class='ocrx_word' id='word_1_285' title='bbox 690 3207 720 3254; x_wconf 92' lang='lat' dir='ltr'>he</span> <span class='ocrx_word' id='word_1_286' title='bbox 771 3206 969 3260; x_wconf 82' lang='lat' dir='ltr'>untrsnslstesble.</span> <span class='ocrx_word' id='word_1_287' title='bbox 992 3207 1011 3252; x_wconf 92' lang='lat' dir='ltr'>is</span> <span class='ocrx_word' id='word_1_288' title='bbox 1037 3204 1133 3266; x_wconf 76' lang='lat' dir='ltr'>perhaps</span> <span class='ocrx_word' id='word_1_289' title='bbox 1157 3204 1266 3252; x_wconf 84' lang='lat' dir='ltr'>intended</span> <span class='ocrx_word' id='word_1_290' title='bbox 1293 3203 1354 3252; x_wconf 80' lang='lat' dir='ltr'>ltere</span> 
     </span>
     <span class='ocr_line' id='line_1_31' title="bbox 145 3268 1157 3334; baseline 0.003 -19"><span class='ocrx_word' id='word_1_291' title='bbox 145 3269 224 3315; x_wconf 86' lang='lat' dir='ltr'>merlts</span> <span class='ocrx_word' id='word_1_292' title='bbox 236 3268 312 3316; x_wconf 88' lang='lat' dir='ltr'>blsme</span> <span class='ocrx_word' id='word_1_293' title='bbox 323 3271 359 3318; x_wconf 86' lang='lat' dir='ltr'>lor</span> <span class='ocrx_word' id='word_1_294' title='bbox 370 3279 432 3316; x_wconf 81' lang='lat' dir='ltr'>went</span> <span class='ocrx_word' id='word_1_295' title='bbox 447 3271 476 3316; x_wconf 82' lang='lat' dir='ltr'>of</span> <span class='ocrx_word' id='word_1_296' title='bbox 488 3273 590 3326; x_wconf 79' lang='lat' dir='ltr'>cantion.</span> <span class='ocrx_word' id='word_1_297' title='bbox 601 3273 643 3319; x_wconf 91' lang='lat' dir='ltr'>but</span> <span class='ocrx_word' id='word_1_298' title='bbox 654 3273 675 3320; x_wconf 87' lang='lat' dir='ltr'>if</span> <span class='ocrx_word' id='word_1_299' title='bbox 689 3274 721 3334; x_wconf 84' lang='lat' dir='ltr'>by</span> <span class='ocrx_word' id='word_1_300' title='bbox 771 3275 876 3320; x_wconf 83' lang='lat' dir='ltr'>between</span> <span class='ocrx_word' id='word_1_301' title='bbox 888 3270 992 3319; x_wconf 88' lang='lat' dir='ltr'>‘consul&#39;</span> <span class='ocrx_word' id='word_1_302' title='bbox 1004 3271 1050 3317; x_wconf 89' lang='lat' dir='ltr'>and</span> <span class='ocrx_word' id='word_1_303' title='bbox 1062 3271 1157 3318; x_wconf 75' lang='lat' dir='ltr'>‘exsui&#39;</span> 
     </span>
     <span class='ocr_line' id='line_1_32' title="bbox 145 3333 1352 3399; baseline 0.002 -18"><span class='ocrx_word' id='word_1_304' title='bbox 145 3348 190 3382; x_wconf 88' lang='lat' dir='ltr'>one</span> <span class='ocrx_word' id='word_1_305' title='bbox 201 3333 254 3380; x_wconf 86' lang='lat' dir='ltr'>who</span> <span class='ocrx_word' id='word_1_306' title='bbox 265 3349 323 3380; x_wconf 82' lang='lat' dir='ltr'>eren</span> <span class='ocrx_word' id='word_1_307' title='bbox 329 3335 385 3381; x_wconf 89' lang='lat' dir='ltr'>then</span> <span class='ocrx_word' id='word_1_308' title='bbox 397 3334 537 3381; x_wconf 73' lang='lat' dir='ltr'>maintained</span> <span class='ocrx_word' id='word_1_309' title='bbox 544 3335 584 3382; x_wconf 92' lang='lat' dir='ltr'>the</span> <span class='ocrx_word' id='word_1_310' title='bbox 592 3338 721 3385; x_wconf 71' lang='lat' dir='ltr'>semblence</span> <span class='ocrx_word' id='word_1_311' title='bbox 808 3349 844 3385; x_wconf 82' lang='grc' dir='ltr'>ιο.</span> <span class='ocrx_word' id='word_1_312' title='bbox 859 3334 1124 3399; x_wconf 81' lang='lat' dir='ltr'>Qraestionem,&amp;e.‚</span> <span class='ocrx_word' id='word_1_313' title='bbox 1136 3336 1250 3383; x_wconf 81' lang='lat' dir='ltr'>‘tortured</span> <span class='ocrx_word' id='word_1_314' title='bbox 1259 3334 1311 3382; x_wconf 86' lang='lat' dir='ltr'>him</span> <span class='ocrx_word' id='word_1_315' title='bbox 1324 3346 1352 3384; x_wconf 88' lang='lat' dir='ltr'>to</span> 
     </span>
     <span class='ocr_line' id='line_1_33' title="bbox 146 3398 1351 3464; baseline 0.002 -17"><span class='ocrx_word' id='word_1_316' title='bbox 146 3401 174 3448; x_wconf 85' lang='lat' dir='ltr'>of</span> <span class='ocrx_word' id='word_1_317' title='bbox 189 3415 202 3446; x_wconf 86' lang='lat' dir='ltr'>a</span> <span class='ocrx_word' id='word_1_318' title='bbox 219 3398 358 3454; x_wconf 76' lang='lat' dir='ltr'>citizenhir</span> <span class='ocrx_word' id='word_1_319' title='bbox 373 3399 420 3446; x_wconf 80' lang='lat' dir='ltr'>late</span> <span class='ocrx_word' id='word_1_320' title='bbox 438 3400 540 3446; x_wconf 84' lang='lat' dir='ltr'>deserres</span> <span class='ocrx_word' id='word_1_321' title='bbox 554 3414 596 3446; x_wconf 90' lang='lat' dir='ltr'>our</span> <span class='ocrx_word' id='word_1_322' title='bbox 610 3404 720 3450; x_wconf 89' lang='lat' dir='ltr'>unmixed</span> <span class='ocrx_word' id='word_1_323' title='bbox 771 3403 840 3450; x_wconf 77' lang='lat' dir='ltr'>melre</span> <span class='ocrx_word' id='word_1_324' title='bbox 862 3403 911 3450; x_wconf 88' lang='lat' dir='ltr'>him</span> <span class='ocrx_word' id='word_1_325' title='bbox 933 3417 974 3464; x_wconf 86' lang='lat' dir='ltr'>ssy</span> <span class='ocrx_word' id='word_1_326' title='bbox 993 3401 1070 3448; x_wconf 82' lang='lat' dir='ltr'>where</span> <span class='ocrx_word' id='word_1_327' title='bbox 1089 3400 1185 3449; x_wconf 80' lang='lat' dir='ltr'>he-had</span> <span class='ocrx_word' id='word_1_328' title='bbox 1202 3400 1289 3448; x_wconf 85' lang='lat' dir='ltr'>hidden</span> <span class='ocrx_word' id='word_1_329' title='bbox 1305 3402 1351 3450; x_wconf 88' lang='lat' dir='ltr'>the</span> 
     </span>
     <span class='ocr_line' id='line_1_34' title="bbox 144 3465 958 3530; baseline 0.005 -18"><span class='ocrx_word' id='word_1_330' title='bbox 144 3465 210 3527; x_wconf 84' lang='lat' dir='ltr'>pity.&#39;</span> <span class='ocrx_word' id='word_1_331' title='bbox 770 3469 847 3529; x_wconf 81' lang='lat' dir='ltr'>public</span> <span class='ocrx_word' id='word_1_332' title='bbox 858 3469 958 3530; x_wconf 66' lang='lat' dir='ltr'>money!</span> 
     </span>
    </p>

    <p class='ocr_par' dir='ltr' id='par_1_10' title="bbox 145 3529 1350 3660">
     <span class='ocr_line' id='line_1_35' title="bbox 145 3529 1350 3660; baseline 0.002 -17"><span class='ocrx_word' id='word_1_333' title='bbox 145 3611 163 3643; x_wconf 84' lang='lat'>..</span> <span class='ocrx_word' id='word_1_334' title='bbox 180 3531 384 3654; x_wconf 62' lang='lat' dir='ltr'>illitum</span> <span class='ocrx_word' id='word_1_335' title='bbox 402 3529 720 3646; x_wconf 64' lang='lat' dir='ltr'>ltltlttttlll</span> <span class='ocrx_word' id='word_1_336' title='bbox 770 3529 1350 3660; x_wconf 58' lang='lat' dir='ltr'>militm?&#39;hilllrrslltt&#39;llt</span> 
     </span>
    </p>
   </div>
   <div class='ocr_carea' id='block_1_6' title="bbox 106 2331 1453 3660">
    <p class='ocr_par' dir='ltr' id='par_1_11' title="bbox 106 2331 1453 3660">
     <span class='ocr_line' id='line_1_36' title="bbox 106 2331 1453 3110; baseline -0.007 -710"><span class='ocrx_word' id='word_1_337' title='bbox 106 2359 137 2394; x_wconf 75' lang='grc' dir='ltr'>ιο</span> <span class='ocrx_word' id='word_1_338' title='bbox 150 2339 261 2419; x_wconf 85' lang='lat' dir='ltr'>ginem</span> <span class='ocrx_word' id='word_1_339' title='bbox 275 2334 324 2399; x_wconf 91' lang='lat' dir='ltr'>M.</span> <span class='ocrx_word' id='word_1_340' title='bbox 344 2335 479 2398; x_wconf 82' lang='lat' dir='ltr'>Antonii</span> <span class='ocrx_word' id='word_1_341' title='bbox 501 2335 701 2400; x_wconf 86' lang='lat' dir='ltr'>crudelitatis</span> <span class='ocrx_word' id='word_1_342' title='bbox 724 2337 759 2399; x_wconf 91' lang='lat' dir='ltr'>in</span> <span class='ocrx_word' id='word_1_343' title='bbox 782 2335 952 2400; x_wconf 87' lang='lat' dir='ltr'>Dolabella</span> <span class='ocrx_word' id='word_1_344' title='bbox 972 2335 1127 2398; x_wconf 89' lang='lat' dir='ltr'>cernitis:</span> <span class='ocrx_word' id='word_1_345' title='bbox 1149 2353 1189 2395; x_wconf 84' lang='lat' dir='ltr'>ex</span> <span class='ocrx_word' id='word_1_346' title='bbox 1211 2333 1274 2396; x_wconf 91' lang='lat' dir='ltr'>hoc</span> <span class='ocrx_word' id='word_1_347' title='bbox 1301 2331 1364 2394; x_wconf 87' lang='lat' dir='ltr'>illa</span> <span class='ocrx_word' id='word_1_348' title='bbox 1439 2367 1453 3110; x_wconf 74' lang='lat' dir='ltr'>p</span> 
     </span>
     <span class='ocr_line' id='line_1_37' title="bbox 1410 3415 1453 3498; baseline -0.023 1"><span class='ocrx_word' id='word_1_349' title='bbox 1410 3415 1412 3418; x_wconf 75' lang='grc'><strong>’</strong></span> <span class='ocrx_word' id='word_1_350' title='bbox 1452 3415 1453 3498; x_wconf 91' lang='lat' dir='ltr'>l</span> 
     </span>
     <span class='ocr_line' id='line_1_38' title="bbox 1452 3607 1453 3660; baseline 0 0"><span class='ocrx_word' id='word_1_351' title='bbox 1452 3607 1453 3660; x_wconf 91' lang='lat' dir='ltr'>l</span> 
     </span>
    </p>
   </div>
   <div class='ocr_carea' id='block_1_7' title="bbox 142 3661 1453 4676">
    <p class='ocr_par' dir='ltr' id='par_1_12' title="bbox 144 3661 1453 3792">
     <span class='ocr_line' id='line_1_39' title="bbox 144 3661 1453 3732; baseline 0.007 -24"><span class='ocrx_word' id='word_1_352' title='bbox 144 3661 218 3709; x_wconf 83' lang='lat' dir='ltr'>man&#39;s</span> <span class='ocrx_word' id='word_1_353' title='bbox 229 3662 300 3717; x_wconf 84' lang='lat' dir='ltr'>trade,</span> <span class='ocrx_word' id='word_1_354' title='bbox 321 3668 349 3708; x_wconf 82' lang='lat' dir='ltr'>&#39;a</span> <span class='ocrx_word' id='word_1_355' title='bbox 365 3663 452 3710; x_wconf 81' lang='lat' dir='ltr'>vendor</span> <span class='ocrx_word' id='word_1_356' title='bbox 466 3661 495 3708; x_wconf 81' lang='lat' dir='ltr'>oi</span> <span class='ocrx_word' id='word_1_357' title='bbox 506 3662 597 3711; x_wconf 84' lang='lat' dir='ltr'>Ssmian</span> <span class='ocrx_word' id='word_1_358' title='bbox 611 3664 719 3725; x_wconf 85' lang='lat' dir='ltr'>pottery.&#39;</span> <span class='ocrx_word' id='word_1_359' title='bbox 770 3665 839 3714; x_wconf 85' lang='lat' dir='ltr'>hand.</span> <span class='ocrx_word' id='word_1_360' title='bbox 1448 3695 1453 3732; x_wconf 67' lang='lat'>4</span> 
     </span>
     <span class='ocr_line' id='line_1_40' title="bbox 144 3727 1295 3792; baseline 0.003 -19"><span class='ocrx_word' id='word_1_361' title='bbox 144 3728 239 3774; x_wconf 88' lang='lat' dir='ltr'>whence</span> <span class='ocrx_word' id='word_1_362' title='bbox 256 3727 296 3774; x_wconf 91' lang='lat' dir='ltr'>the</span> <span class='ocrx_word' id='word_1_363' title='bbox 316 3728 361 3774; x_wconf 86' lang='lat' dir='ltr'>late</span> <span class='ocrx_word' id='word_1_364' title='bbox 379 3728 448 3775; x_wconf 86' lang='lat' dir='ltr'>Latin</span> <span class='ocrx_word' id='word_1_365' title='bbox 470 3729 534 3775; x_wconf 91' lang='lat' dir='ltr'>word</span> <span class='ocrx_word' id='word_1_366' title='bbox 555 3729 659 3786; x_wconf 64' lang='lat' dir='ltr'>&#39;samin&#39;</span> <span class='ocrx_word' id='word_1_367' title='bbox 678 3737 719 3776; x_wconf 81' lang='lat' dir='ltr'>‘to</span> <span class='ocrx_word' id='word_1_368' title='bbox 806 3730 843 3778; x_wconf 76' lang='lat'>16.</span> <span class='ocrx_word' id='word_1_369' title='bbox 862 3732 1041 3792; x_wconf 84' lang='lat' dir='ltr'>Deplorsre.‘</span> <span class='ocrx_word' id='word_1_370' title='bbox 1117 3729 1122 3740; x_wconf 92' lang='lat'>&#39;</span> <span class='ocrx_word' id='word_1_371' title='bbox 1162 3728 1295 3788; x_wconf 82' lang='lat' dir='ltr'>ylsment.&#39;</span> 
     </span>
    </p>

    <p class='ocr_par' dir='ltr' id='par_1_13' title="bbox 144 3791 1345 3856">
     <span class='ocr_line' id='line_1_41' title="bbox 144 3791 1345 3856; baseline 0.002 -16"><span class='ocrx_word' id='word_1_372' title='bbox 144 3793 216 3856; x_wconf 84' lang='lat' dir='ltr'>polish</span> <span class='ocrx_word' id='word_1_373' title='bbox 233 3791 291 3839; x_wconf 90' lang='lat' dir='ltr'>with</span> <span class='ocrx_word' id='word_1_374' title='bbox 308 3792 500 3850; x_wconf 74' lang='lat' dir='ltr'>Ssmisnstone3&#39;</span> <span class='ocrx_word' id='word_1_375' title='bbox 517 3796 719 3850; x_wconf 82' lang='lat' dir='ltr'>butGaratonius.</span> <span class='ocrx_word' id='word_1_376' title='bbox 805 3795 842 3845; x_wconf 81' lang='lat'>18.</span> <span class='ocrx_word' id='word_1_377' title='bbox 862 3797 1073 3850; x_wconf 83' lang='lat' dir='ltr'>Distineri,‘sre</span> <span class='ocrx_word' id='word_1_378' title='bbox 1100 3793 1345 3856; x_wconf 82' lang='lat' dir='ltr'>eptswayt&#39;rornhim</span> 
     </span>
    </p>

    <p class='ocr_par' dir='ltr' id='par_1_14' title="bbox 143 3857 1344 3990">
     <span class='ocr_line' id='line_1_42' title="bbox 144 3857 1344 3924; baseline 0 -18"><span class='ocrx_word' id='word_1_379' title='bbox 144 3859 198 3906; x_wconf 81' lang='lat' dir='ltr'>who</span> <span class='ocrx_word' id='word_1_380' title='bbox 219 3857 266 3905; x_wconf 88' lang='lat' dir='ltr'>first</span> <span class='ocrx_word' id='word_1_381' title='bbox 289 3859 409 3922; x_wconf 79' lang='lat' dir='ltr'>suggested</span> <span class='ocrx_word' id='word_1_382' title='bbox 427 3859 472 3906; x_wconf 92' lang='lat' dir='ltr'>thir</span> <span class='ocrx_word' id='word_1_383' title='bbox 495 3860 553 3916; x_wconf 80' lang='lat' dir='ltr'>ides,</span> <span class='ocrx_word' id='word_1_384' title='bbox 572 3862 657 3908; x_wconf 86' lang='lat' dir='ltr'>doubts</span> <span class='ocrx_word' id='word_1_385' title='bbox 679 3861 719 3909; x_wconf 91' lang='lat' dir='ltr'>the</span> <span class='ocrx_word' id='word_1_386' title='bbox 768 3863 800 3924; x_wconf 84' lang='lat' dir='ltr'>by</span> <span class='ocrx_word' id='word_1_387' title='bbox 811 3859 1150 3922; x_wconf 75' lang='lat' dir='ltr'>prersureinanotherplacez&#39;</span> <span class='ocrx_word' id='word_1_388' title='bbox 1162 3873 1188 3906; x_wconf 84' lang='lat' dir='ltr'>so</span> <span class='ocrx_word' id='word_1_389' title='bbox 1199 3861 1275 3907; x_wconf 84' lang='lat' dir='ltr'>better</span> <span class='ocrx_word' id='word_1_390' title='bbox 1286 3860 1344 3907; x_wconf 83' lang='lat' dir='ltr'>than</span> 
     </span>
     <span class='ocr_line' id='line_1_43' title="bbox 143 3923 1344 3990; baseline 0.001 -18"><span class='ocrx_word' id='word_1_391' title='bbox 143 3925 258 3972; x_wconf 87' lang='lat' dir='ltr'>existence</span> <span class='ocrx_word' id='word_1_392' title='bbox 270 3923 298 3969; x_wconf 84' lang='lat' dir='ltr'>ol</span> <span class='ocrx_word' id='word_1_393' title='bbox 306 3923 361 3970; x_wconf 85' lang='lat' dir='ltr'>such</span> <span class='ocrx_word' id='word_1_394' title='bbox 373 3939 386 3970; x_wconf 83' lang='lat' dir='ltr'>a</span> <span class='ocrx_word' id='word_1_395' title='bbox 399 3933 457 3971; x_wconf 89' lang='lat' dir='ltr'>term</span> <span class='ocrx_word' id='word_1_396' title='bbox 469 3925 493 3971; x_wconf 91' lang='lat' dir='ltr'>in</span> <span class='ocrx_word' id='word_1_397' title='bbox 505 3925 604 3974; x_wconf 88' lang='lat' dir='ltr'>Cicero&#39;s</span> <span class='ocrx_word' id='word_1_398' title='bbox 618 3928 682 3980; x_wconf 82' lang='lat' dir='ltr'>time,</span> <span class='ocrx_word' id='word_1_399' title='bbox 694 3941 719 3974; x_wconf 87' lang='lat' dir='ltr'>ss</span> <span class='ocrx_word' id='word_1_400' title='bbox 769 3924 901 3982; x_wconf 82' lang='lat' dir='ltr'>‘detineri.&#39;</span> <span class='ocrx_word' id='word_1_401' title='bbox 912 3927 951 3973; x_wconf 92' lang='lat' dir='ltr'>the</span> <span class='ocrx_word' id='word_1_402' title='bbox 962 3926 1057 3990; x_wconf 85' lang='lat' dir='ltr'>reading</span> <span class='ocrx_word' id='word_1_403' title='bbox 1068 3927 1096 3972; x_wconf 81' lang='lat' dir='ltr'>of</span> <span class='ocrx_word' id='word_1_404' title='bbox 1105 3939 1169 3972; x_wconf 91' lang='lat' dir='ltr'>some</span> <span class='ocrx_word' id='word_1_405' title='bbox 1182 3925 1255 3980; x_wconf 81' lang='lat' dir='ltr'><strong>MSS..</strong></span> <span class='ocrx_word' id='word_1_406' title='bbox 1266 3923 1344 3973; x_wconf 80' lang='lat' dir='ltr'>which</span> 
     </span>
    </p>

    <p class='ocr_par' dir='ltr' id='par_1_15' title="bbox 143 3989 1260 4056">
     <span class='ocr_line' id='line_1_44' title="bbox 143 3989 1260 4056; baseline 0.001 -19"><span class='ocrx_word' id='word_1_407' title='bbox 143 3991 194 4039; x_wconf 91' lang='lat' dir='ltr'>well</span> <span class='ocrx_word' id='word_1_408' title='bbox 205 4005 229 4038; x_wconf 84' lang='lat' dir='ltr'>as</span> <span class='ocrx_word' id='word_1_409' title='bbox 241 3989 280 4036; x_wconf 91' lang='lat' dir='ltr'>the</span> <span class='ocrx_word' id='word_1_410' title='bbox 289 3990 405 4050; x_wconf 88' lang='lat' dir='ltr'>propriety</span> <span class='ocrx_word' id='word_1_411' title='bbox 412 3990 440 4036; x_wconf 86' lang='lat' dir='ltr'>ol</span> <span class='ocrx_word' id='word_1_412' title='bbox 449 3991 593 4056; x_wconf 88' lang='lat' dir='ltr'>mentioning</span> <span class='ocrx_word' id='word_1_413' title='bbox 602 3991 642 4038; x_wconf 89' lang='lat' dir='ltr'>the</span> <span class='ocrx_word' id='word_1_414' title='bbox 653 3991 718 4040; x_wconf 74' lang='lat' dir='ltr'>trade</span> <span class='ocrx_word' id='word_1_415' title='bbox 768 3993 844 4040; x_wconf 85' lang='lat' dir='ltr'>would</span> <span class='ocrx_word' id='word_1_416' title='bbox 856 3992 942 4054; x_wconf 83' lang='lat' dir='ltr'>merely</span> <span class='ocrx_word' id='word_1_417' title='bbox 952 3993 981 4039; x_wconf 92' lang='lat' dir='ltr'>be</span> <span class='ocrx_word' id='word_1_418' title='bbox 993 3997 1000 4018; x_wconf 81' lang='lat'><em>⁰</em></span> <span class='ocrx_word' id='word_1_419' title='bbox 1010 4007 1048 4038; x_wconf 85' lang='lat' dir='ltr'>are</span> <span class='ocrx_word' id='word_1_420' title='bbox 1058 3990 1115 4052; x_wconf 82' lang='lat' dir='ltr'>kept</span> <span class='ocrx_word' id='word_1_421' title='bbox 1125 3989 1260 4052; x_wconf 69' lang='lat' dir='ltr'>employed:</span> 
     </span>
    </p>

    <p class='ocr_par' dir='ltr' id='par_1_16' title="bbox 143 4054 1341 4122">
     <span class='ocr_line' id='line_1_45' title="bbox 143 4054 1341 4122; baseline 0 -18"><span class='ocrx_word' id='word_1_422' title='bbox 143 4057 172 4104; x_wconf 84' lang='lat' dir='ltr'>ol</span> <span class='ocrx_word' id='word_1_423' title='bbox 179 4055 220 4104; x_wconf 89' lang='lat' dir='ltr'>the</span> <span class='ocrx_word' id='word_1_424' title='bbox 231 4054 437 4103; x_wconf 86' lang='lat' dir='ltr'>murdererinthis</span> <span class='ocrx_word' id='word_1_425' title='bbox 449 4070 550 4120; x_wconf 83' lang='lat' dir='ltr'>passage.</span> <span class='ocrx_word' id='word_1_426' title='bbox 586 4057 654 4104; x_wconf 89' lang='lat' dir='ltr'>More</span> <span class='ocrx_word' id='word_1_427' title='bbox 666 4071 718 4118; x_wconf 89' lang='lat' dir='ltr'>pro·</span> <span class='ocrx_word' id='word_1_428' title='bbox 804 4069 840 4122; x_wconf 84' lang='lat'>19.</span> <span class='ocrx_word' id='word_1_429' title='bbox 863 4060 921 4107; x_wconf 81' lang='lat' dir='ltr'>Hoc</span> <span class='ocrx_word' id='word_1_430' title='bbox 940 4059 1042 4122; x_wconf 88' lang='lat' dir='ltr'>iugum.</span> <span class='ocrx_word' id='word_1_431' title='bbox 1066 4055 1282 4118; x_wconf 78' lang='lat' dir='ltr'>Cp.c.r.a‘Eeoe</span> <span class='ocrx_word' id='word_1_432' title='bbox 1298 4056 1341 4104; x_wconf 89' lang='lat' dir='ltr'>tibi</span> 
     </span>
    </p>

    <p class='ocr_par' dir='ltr' id='par_1_17' title="bbox 142 4107 1453 4676">
     <span class='ocr_line' id='line_1_46' title="bbox 143 4107 1453 4196; baseline 0 -27"><span class='ocrx_word' id='word_1_433' title='bbox 143 4122 212 4184; x_wconf 85' lang='lat' dir='ltr'>bably</span> <span class='ocrx_word' id='word_1_434' title='bbox 228 4123 246 4170; x_wconf 93' lang='lat' dir='ltr'>it</span> <span class='ocrx_word' id='word_1_435' title='bbox 263 4121 282 4169; x_wconf 85' lang='lat' dir='ltr'>is</span> <span class='ocrx_word' id='word_1_436' title='bbox 299 4120 339 4168; x_wconf 91' lang='lat' dir='ltr'>the</span> <span class='ocrx_word' id='word_1_437' title='bbox 350 4120 422 4168; x_wconf 85' lang='lat' dir='ltr'>man&#39;s</span> <span class='ocrx_word' id='word_1_438' title='bbox 433 4135 509 4168; x_wconf 86' lang='lat' dir='ltr'>name.</span> <span class='ocrx_word' id='word_1_439' title='bbox 542 4123 718 4184; x_wconf 81' lang='lat' dir='ltr'>Appisn(B.C.</span> <span class='ocrx_word' id='word_1_440' title='bbox 768 4126 886 4188; x_wconf 88' lang='lat' dir='ltr'>geminum</span> <span class='ocrx_word' id='word_1_441' title='bbox 898 4125 921 4169; x_wconf 92' lang='lat' dir='ltr'>in</span> <span class='ocrx_word' id='word_1_442' title='bbox 933 4123 1015 4170; x_wconf 84' lang='lat' dir='ltr'>scelere</span> <span class='ocrx_word' id='word_1_443' title='bbox 1026 4124 1084 4183; x_wconf 67' lang='lat' dir='ltr'>par!</span> <span class='ocrx_word' id='word_1_444' title='bbox 1449 4107 1453 4196; x_wconf 61' lang='lat' dir='ltr'>l</span> 
     </span>
     <span class='ocr_line' id='line_1_47' title="bbox 144 4185 1449 4251; baseline 0 -17"><span class='ocrx_word' id='word_1_445' title='bbox 144 4201 166 4248; x_wconf 74' lang='lat'>3.</span> <span class='ocrx_word' id='word_1_446' title='bbox 178 4186 221 4248; x_wconf 77' lang='lat'>26)</span> <span class='ocrx_word' id='word_1_447' title='bbox 239 4203 290 4250; x_wconf 83' lang='lat' dir='ltr'>says</span> <span class='ocrx_word' id='word_1_448' title='bbox 307 4186 358 4234; x_wconf 80' lang='lat' dir='ltr'>that</span> <span class='ocrx_word' id='word_1_449' title='bbox 377 4185 505 4234; x_wconf 83' lang='lat' dir='ltr'>Trebonius</span> <span class='ocrx_word' id='word_1_450' title='bbox 520 4201 566 4234; x_wconf 83' lang='lat' dir='ltr'>was</span> <span class='ocrx_word' id='word_1_451' title='bbox 584 4188 640 4234; x_wconf 83' lang='lat' dir='ltr'>slaln</span> <span class='ocrx_word' id='word_1_452' title='bbox 658 4190 717 4248; x_wconf 86' lang='lat' dir='ltr'>bys</span> <span class='ocrx_word' id='word_1_453' title='bbox 803 4203 840 4251; x_wconf 75' lang='lat'>23·</span> <span class='ocrx_word' id='word_1_454' title='bbox 860 4190 891 4236; x_wconf 83' lang='lat' dir='ltr'>Et</span> <span class='ocrx_word' id='word_1_455' title='bbox 911 4189 1118 4249; x_wconf 89' lang='lat' dir='ltr'>ille...neque</span> <span class='ocrx_word' id='word_1_456' title='bbox 1133 4189 1277 4235; x_wconf 80' lang='lat' dir='ltr'>Antonius.</span> <span class='ocrx_word' id='word_1_457' title='bbox 1310 4186 1340 4233; x_wconf 86' lang='lat' dir='ltr'>So</span> <span class='ocrx_word' id='word_1_458' title='bbox 1446 4195 1449 4222; x_wconf 68' lang='lat' dir='ltr'>l</span> 
     </span>
     <span class='ocr_line' id='line_1_48' title="bbox 143 4250 1449 4322; baseline 0 -24"><span class='ocrx_word' id='word_1_459' title='bbox 143 4253 262 4300; x_wconf 86' lang='lat' dir='ltr'>centurion</span> <span class='ocrx_word' id='word_1_460' title='bbox 273 4252 369 4312; x_wconf 86' lang='lat' dir='ltr'>directly</span> <span class='ocrx_word' id='word_1_461' title='bbox 377 4251 407 4298; x_wconf 93' lang='lat' dir='ltr'>he</span> <span class='ocrx_word' id='word_1_462' title='bbox 418 4265 464 4297; x_wconf 80' lang='lat' dir='ltr'>was</span> <span class='ocrx_word' id='word_1_463' title='bbox 476 4250 562 4305; x_wconf 73' lang='lat' dir='ltr'>taken:</span> <span class='ocrx_word' id='word_1_464' title='bbox 574 4253 618 4297; x_wconf 86' lang='lat' dir='ltr'>and</span> <span class='ocrx_word' id='word_1_465' title='bbox 630 4251 718 4298; x_wconf 90' lang='lat' dir='ltr'>neither</span> <span class='ocrx_word' id='word_1_466' title='bbox 768 4267 789 4300; x_wconf 90' lang='lat' dir='ltr'>c.</span> <span class='ocrx_word' id='word_1_467' title='bbox 802 4263 824 4306; x_wconf 81' lang='lat' dir='ltr'>a,</span> <span class='ocrx_word' id='word_1_468' title='bbox 837 4267 852 4314; x_wconf 84' lang='lat'>4</span> <span class='ocrx_word' id='word_1_469' title='bbox 865 4253 975 4298; x_wconf 77' lang='lat' dir='ltr'>‘Petebat</span> <span class='ocrx_word' id='word_1_470' title='bbox 986 4253 1025 4299; x_wconf 79' lang='lat' dir='ltr'>vis</span> <span class='ocrx_word' id='word_1_471' title='bbox 1036 4261 1059 4300; x_wconf 87' lang='lat' dir='ltr'>et</span> <span class='ocrx_word' id='word_1_472' title='bbox 1070 4261 1132 4300; x_wconf 82' lang='lat' dir='ltr'>certe</span> <span class='ocrx_word' id='word_1_473' title='bbox 1144 4265 1218 4312; x_wconf 81' lang='lat' dir='ltr'>neque</span> <span class='ocrx_word' id='word_1_474' title='bbox 1230 4251 1313 4315; x_wconf 66' lang='lat' dir='ltr'>longe!</span> <span class='ocrx_word' id='word_1_475' title='bbox 1436 4296 1449 4322; x_wconf 31' lang='lat' dir='ltr'>g</span> 
     </span>
     <span class='ocr_line' id='line_1_49' title="bbox 142 4310 1453 4676; baseline -0.003 -316"><span class='ocrx_word' id='word_1_476' title='bbox 142 4316 172 4361; x_wconf 90' lang='lat' dir='ltr'>he</span> <span class='ocrx_word' id='word_1_477' title='bbox 184 4333 226 4363; x_wconf 88' lang='lat' dir='ltr'>nor</span> <span class='ocrx_word' id='word_1_478' title='bbox 237 4317 317 4363; x_wconf 82' lang='lat' dir='ltr'>Strabo</span> <span class='ocrx_word' id='word_1_479' title='bbox 329 4317 381 4376; x_wconf 86' lang='lat'>(14.</span> <span class='ocrx_word' id='word_1_480' title='bbox 393 4331 414 4375; x_wconf 87' lang='lat' dir='ltr'>p.</span> <span class='ocrx_word' id='word_1_481' title='bbox 427 4310 488 4375; x_wconf 82' lang='lat'>646)</span> <span class='ocrx_word' id='word_1_482' title='bbox 500 4315 580 4360; x_wconf 79' lang='lat' dir='ltr'>makes</span> <span class='ocrx_word' id='word_1_483' title='bbox 597 4329 642 4373; x_wconf 85' lang='lat' dir='ltr'>any</span> <span class='ocrx_word' id='word_1_484' title='bbox 654 4329 718 4360; x_wconf 88' lang='lat' dir='ltr'>men·</span> <span class='ocrx_word' id='word_1_485' title='bbox 1444 4337 1453 4676; x_wconf 76' lang='grc' dir='ltr'>Ι</span> 
     </span>
    </p>
   </div>
   <div class='ocr_carea' id='block_1_8' title="bbox 0 0 1504 4706">
    <p class='ocr_par' dir='ltr' id='par_1_18' title="bbox 0 0 1504 4706">
     <span class='ocr_line' id='line_1_50' title="bbox 0 0 1504 4706; baseline 0 4"><span class='ocrx_word' id='word_1_486' title='bbox 0 0 1504 4706; x_wconf 95' lang='lat' dir='ltr'> </span> 
     </span>
    </p>
   </div>
   <div class='ocr_carea' id='block_1_9' title="bbox 678 4669 891 4676">
    <p class='ocr_par' dir='ltr' id='par_1_19' title="bbox 678 4669 891 4676">
     <span class='ocr_line' id='line_1_51' title="bbox 678 4669 891 4676; baseline -0.009 0"><span class='ocrx_word' id='word_1_487' title='bbox 678 4669 812 4676; x_wconf 42' lang='grc' dir='ltr'>-ῌ-..η</span> <span class='ocrx_word' id='word_1_488' title='bbox 837 4672 891 4675; x_wconf 87' lang='grc'><em>,,.-.</em></span> 
     </span>
    </p>
   </div>
  </div>
 </body>
</html>
