2998 4706
127 297 160 358 55
174 301 285 353 0-10.3
452 289 536 349 0er
546 289 621 350 710
651 289 923 353 PHILIPPICA
951 293 1003 352 IX
1007 339 1018 387 ,Ι
1209 288 1215 294 ’
1275 307 1334 372 217

84 463 109 509 o
127 443 172 506 de
195 447 360 509 sententia
381 446 557 512 deiecistis.
604 449 653 514 Ut
669 469 746 513 vero
759 449 883 514 Pansae
904 452 1045 515 consulis
1067 454 1203 516 accessit
1224 452 1336 516 cohor·
1383 507 1394 518 .

127 551 217 612 tatio
238 551 364 633 gravior
384 570 480 634 quarn
502 572 592 617 aures
612 553 676 618 Ser.
695 554 828 638 Sulpicii
852 555 932 618 ferre
952 555 1153 640 didicissent,
1171 568 1241 620 tum
1260 575 1337 619 vero

126 653 272 735 denique
288 652 387 717 filium
404 673 517 737 tneque
531 656 656 720 seduxit
671 666 766 740 atque
783 660 829 722 ita
846 659 969 723 locutus
984 669 1045 743 est,
1061 668 1097 723 ut
1111 661 1336 723 auctoritatem

129 765 273 820 vestram
299 759 388 821 vitae
417 778 493 822 suae
522 779 557 823 se
586 760 708 825 diceret
738 761 906 826 anteferre.
964 762 1065 828 Cuius
1095 783 1154 828 nos
1183 764 1335 827 virtutem

130 859 286 923 admirati
314 881 380 924 non
406 865 475 928 ausi
503 882 612 927 sumus
634 864 796 928 adversari
821 865 991 930 voluntati.
1045 865 1238 931 Movebatur
1268 869 1363 938 sin-5

129 964 236 1047 gulari
259 966 381 1048 pietate
405 965 510 1050 filius3
536 986 600 1030 non
624 969 760 1033 multum
787 972 856 1032 eius
879 970 1110 1054 perturbationi
1134 979 1224 1034 meus
1246 970 1337 1034 dolor

130 1068 351 1132 concedebat:
380 1069 436 1132 sed
463 1078 594 1154 uterque
620 1079 764 1135 nostnsm
789 1073 902 1137 cedere
926 1073 1102 1156 cogebatur.
1119 1073 1335 1158 magnitudini

130 1172 237 1234 animi
265 1174 484 1256 orationisque
507 1176 671 1259 gravitati,
696 1195 769 1239 curn
792 1176 922 1259 quidem
948 1176 1002 1239 ille
1026 1179 1167 1240 maxima
1189 1177 1281 1240 laude
1303 1187 1337 1241 et

131 1275 347 1358 gratulatione
369 1279 516 1341 omnium
537 1288 677 1342 vestmm
700 1279 864 1364 pollicitus
887 1290 936 1343 est
958 1299 992 1344 se
1012 1280 1096 1364 quod
1118 1281 1246 1344 velletis
1266 1299 1336 1344 esse

132 1378 305 1462 facturum,
328 1399 431 1463 neque
454 1383 523 1444 eius
546 1385 729 1446 sentcntiae
751 1382 926 1466 periculum
945 1385 1131 1468 vitaturum,
1154 1385 1244 1448 cuius
1269 1385 1337 1469 ipse
1354 1409 1383 1444 ιο

133 1491 247 1546 auctor
269 1483 401 1547 fuisset:
420 1503 516 1567 quem
539 1487 667 1568 exsequi
693 1485 845 1550 mandata
865 1495 972 1551 vestra
995 1497 1219 1572 properantem
1242 1506 1337 1550 mane

133 1586 290 1670 postridie
321 1590 479 1672 prosecuti
508 1608 627 1653 sumus.
682 1589 749 1677 Qui
779 1591 909 1673 quidem
939 1590 1108 1654 discedens
1138 1609 1264 1655 mecum
1291 1592 1337 1654 ita

134 1689 260 1754 locutus
274 1699 335 1774 est,
350 1693 470 1755 ateius
486 1695 591 1757 oratio
605 1712 702 1756 omen
718 1694 778 1757 fati
794 1693 963 1756 videretur.
1299 1697 1300 1700 ’

93 1803 119 1869 5
180 1793 321 1859 Reddite
343 1797 451 1879 igitur,
467 1805 573 1879 patres
594 1798 782 1882 conscripti,
797 1798 828 1860 ei
849 1799 965 1882 vitam,
984 1799 1036 1862 cui
1056 1797 1245 1862 ademistis:
1268 1799 1338 1862 vita

82 1921 120 1966 so
135 1901 226 1963 enim
251 1909 448 1962 mortuorum
473 1900 508 1962 in
535 1902 692 1964 memoria
715 1909 765 1964 est
789 1903 895 1986 posita
918 1903 1075 1965 vivorum.
1119 1901 1279 1987 Perficite,
1303 1910 1338 1965 ut
1355 1921 1382 1971 rs

136 2005 176 2087 is,
200 2022 296 2087 quem
322 2021 379 2066 vos
402 2004 500 2066 inscii
523 2003 563 2066 ad
587 2013 724 2068 mortem
750 2005 898 2088 misistis,
920 2005 1199 2069 immortalitatem
1222 2005 1338 2068 habeat

135 2127 156 2172 a
182 2109 284 2171 vobis.
337 2105 401 2171 Cui
431 2107 459 2168 si
490 2115 629 2170 statuam
656 2107 692 2168 in
719 2109 830 2171 rostris
856 2107 984 2172 decreto
1013 2117 1121 2172 vestro
1148 2109 1338 2191 statueritiS,

136 2211 224 2275 nulla
260 2213 329 2274 eius
366 2211 562 2294 legationem
600 2211 800 2294 posteritatis
836 2212 1020 2275 obscurabit
1055 2211 1189 2276 oblivio·
1245 2211 1337 2276 Nam

137 2316 259 2399 reliqua
288 2315 351 2380 Ser.
376 2312 511 2398 Sulpicii
538 2315 608 2376 vita
638 2313 749 2377 multis
774 2316 837 2377 erit
867 2315 1097 2399 praeclarisque
1126 2317 1337 2380 monimentis

134 2418 174 2483 ad
200 2437 331 2482 omnem
359 2418 548 2480 memoriam
575 2416 808 2480 commendata
859 2417 990 2502 Semper
1018 2418 1105 2482 illius
1131 2421 1337 2502 gravitatem,
1351 2443 1384 2479 ao

135 2523 366 2605 constantiam,
381 2520 489 2604 fidem,
505 2530 721 2604 praestantem
738 2523 773 2584 in
789 2541 821 2583 re
840 2523 968 2607 publica
982 2521 1102 2586 tuenda
1120 2542 1228 2586 curam
1243 2533 1337 2607 atque

136 2627 338 2712 prudentiam
360 2626 508 2687 omnium
530 2611 714 2688 mortalium
736 2624 824 2688 fama
846 2624 1030 2690 celebrabit.
1075 2626 1151 2692 Nec
1166 2647 1243 2691 vero
1262 2628 1337 2692 sile-

136 2731 220 2794 bitur
243 2727 444 2793 admirabilis
467 2727 625 2811 quaedam
651 2736 685 2791 et
708 2727 910 2791 incredibilis
934 2748 972 2793 ac
998 2748 1100 2812 paene
1126 2729 1240 2794 divina
1265 2733 1337 2794 eius

137 2837 171 2898 in
195 2834 318 2917 legibus
340 2831 601 2916 interpretandis,
621 2833 784 2914 aequitate
807 2832 996 2916 explicanda
1018 2835 1167 2898 scientia.
1212 2835 1337 2900 Omnes
1443 2852 1446 2861 ¹

138 2938 281 3002 exomni
297 2944 415 3019 aetate,
430 2937 484 3020 qui
501 2937 537 2998 in
552 2936 612 2998 hac
627 2937 760 3000 civitate
776 2937 1029 3020 intelligentiam
1051 2939 1129 3002 iuris
1149 2937 1336 3022 habuerunt,
1352 2963 1380 3013 ²5

168 3168 190 3217 3.
209 3155 329 3203 Scdusit.
362 3151 404 3200 See
415 3150 438 3200 8.
453 3163 491 3208 ιο,
505 3165 517 3200 a
546 3159 609 3200 note.
762 3154 845 3201 branca
860 3155 889 3201 ol
899 3153 1026 3215 posterity:
1042 3161 1068 3200 to
1083 3152 1123 3201 the
1138 3153 1270 3201 conclusion
1285 3153 1336 3201 that

168 3233 190 3282 5.
210 3219 347 3284 Singulari
371 3219 485 3280 pietate,
535 3217 711 3280 edescriptivc
761 3219 898 3267 afterdeath
910 3235 945 3266 sse
957 3219 1013 3266 shall
1027 3217 1337 3281 necessarilybecooscious

139 3288 243 3340 ablative.
259 3293 301 3332 not
329 3283 458 3344 dependent
474 3293 516 3330 *on
544 3284 711 3332 ‘movebatun'
761 3286 790 3332 oi
798 3283 838 3332 the
849 3285 943 3346 opinion
954 3285 1028 3332 which
1040 3299 1094 3331 meo
1106 3283 1162 3332 hold
1172 3285 1243 3332 olus.

137 3348 710 3412 ‘liissonamanofsiugularaffectiont'orhis
793 3363 832 3399 ss.
857 3351 914 3399 Nec
944 3365 1009 3399 sero
1040 3351 1175 3400 silebitur.
1222 3350 1267 3398 For
1294 3350 1336 3398 the

138 3417 216 3472 lstlser.
228 3431 275 3464 was
286 3416 368 3477 deeply
379 3414 481 3466 mered}
759 3416 878 3465 transitive
889 3431 929 3464 use
939 3416 968 3462 ol
975 3420 982 3442 ¹
989 3415 1055 3463 sileo·
1067 3429 1102 3476 ep.
1112 3415 1163 3464 Att
1176 3428 1198 3464 a.
1209 3415 1247 3472 18.
1258 3429 1273 3478 3
1285 3415 1335 3463 ‘Tu

170 3495 207 3532 to.
228 3483 292 3530 liius
311 3483 474 3538 sententiae,
490 3480 530 3528 tlte
541 3481 646 3542 proposal
658 3479 709 3528 that
758 3482 805 3530 hoc
816 3481 890 3530 silebis
898 3482 912 3537 ;'
930 3482 974 3529 and
984 3481 1029 3530 Os.
1041 3481 1077 3528 M.
1091 3493 1128 3530 ts.
1141 3491 1188 3543 575

138 3547 636 3608 ambassadorssltouldbesenttoilntony.
792 3549 857 3596 ‘Nec
876 3555 953 3594 tamen
975 3547 1076 3602 ulterius,
1093 3561 1162 3608 quun
1186 3547 1254 3594 sortia
1275 3548 1336 3596 sacta

170 3627 206 3662 ts.
226 3615 365 3661 Prosecuti
386 3629 484 3668 sumus,
496 3619 546 3659 ‘we
561 3623 595 3660 set
611 3611 661 3659 him
677 3626 709 3659 on
889 3613 984 3672 silendo,

138 3679 170 3727 his
187 3679 255 3739 stay:
274 3675 473 3739 aposelppspem
490 3692 525 3738 cp.
547 3679 596 3726 Ati.
615 3673 639 3725 6.
654 3689 676 3737 3.
693 3675 709 3725 6
810 3678 911 3725 Ulciscsr
923 3677 1017 3726 fratres!

138 3747 173 3792 'ls
183 3761 221 3793 me
233 3759 276 3791 nec
293 3742 474 3804 proficiscentem
489 3745 617 3804 Apameam
634 3757 711 3804 prose·
761 3745 812 3791 And
824 3744 859 3790 lor
873 3742 913 3790 the
926 3743 1032 3792 estimato
1047 3743 1075 3790 of
1087 3743 1126 3790 the
1142 3743 1200 3808 legal
1216 3743 1336 3791 eminence

138 3820 199 3859 cutus
210 3810 259 3858 est!
761 3811 790 3858 ol
795 3809 905 3869 Sulpicius
914 3823 950 3869 cp.
958 3810 986 3855 de
995 3809 1068 3872 Legg.
1078 3821 1099 3856 s.
1109 3820 1132 3870 5,
1146 3818 1175 3872 17
1188 3809 1236 3858 ‘Sit
1247 3810 1289 3857 ists
1301 3825 1336 3858 res

173 3891 208 3939 ¹4
226 3877 289 3924 Vita
309 3877 382 3924 enim
403 3886 579 3930 mortuorum.
591 3872 634 3924 dte.
667 3873 711 3936 Cp.
762 3877 827 3938 (iuris
856 3873 983 3935 disciplina)
1006 3887 1098 3937 magns,
1120 3875 1179 3922 sicut
1206 3883 1249 3930 est,
1277 3889 1336 3936 quaa

139 3943 164 3991 de
180 3943 231 3990 Seu.
248 3953 285 4002 13,
305 3940 335 3989 82
354 3942 452 3990 'Nescio
469 3956 516 4003 quo
534 3941 605 3987 modo
622 3939 712 3988 aninsus
762 3941 877 4002 quondam
893 3955 907 3986 a
922 3940 1000 3986 multis
1015 3940 1080 3987 claris
1094 3939 1156 3996 viris,
1168 3955 1228 3988 nunc
1244 3941 1273 3988 sb
1289 3955 1336 3988 uno

139 4009 224 4122 aa
254 4072 709 4120 aa
761 4005 1288 4054 mu

139 4087 342 4200 cmiqieiicm'ms
353 4137 425 4186 esset!
458 4138 488 4185 So
500 4138 534 4185 lat
544 4105 653 4184 howescr
663 4151 710 4184 was
761 4089 837 4185 sidu⁴al
848 4151 911 4184 cases
922 4137 951 4183 oi
964 4105 1008 4183 the·
1015 4136 1124 4198 principle
1135 4135 1211 4184 rather
1222 4135 1280 4184 tban
1295 4135 1336 4183 the

140 4205 217 4254 Cicero
229 4204 289 4250 from
300 4202 396 4268 holding
407 4201 621 4250 thatmenhadno
633 4202 710 4262 objec·
760 4204 828 4251 letter
850 4203 879 4250 oi
897 4202 937 4250 the
960 4201 1021 4249 law:
1045 4201 1197 4262 isssdpdeus
1217 4205 1296 4259 νόμον,
1319 4195 1338 4266 ᾔ

140 4271 182 4319 tite
192 4270 307 4318 existence
318 4268 376 4316 after
387 4268 464 4324 death.
474 4268 557 4316 thatin
569 4267 609 4314 the
618 4282 711 4332 passage
761 4269 869 4318 inclusi
886 4266 924 4316 διὰ
938 4269 967 4316 rb
984 4267 1096 4324 essuos,
1107 4267 1176 4316 Arist.
1198 4265 1251 4314 Eth.
1268 4267 1299 4316 N.
1312 4279 1337 4328 5.

140 4337 221 4398 quoted
238 4334 304 4382 he'is
321 4335 418 4400 arguing
436 4336 496 4382 from
519 4333 559 4380 the
582 4331 710 4380 instinctive
763 4346 801 4390 so,
812 4331 836 4382 6.

140 4403 207 4450 desire
224 4401 264 4450 felt
284 4402 316 4463 by
334 4415 387 4450 meu
404 4413 430 4448 to
446 4401 491 4448 live
505 4399 543 4446 ‘in
558 4397 598 4446 the
614 4413 711 4446 mntem·
