2970 4698
149 207 207 286 ¹7⁸
483 209 533 270 rr.
564 210 725 270 wrm
754 209 1007 272 arcanorum
1203 223 1343 279 eae-r.

143 363 315 430 tumultun
339 365 535 453 decerneret,
562 389 637 454 saga
661 372 745 434 sumi
775 370 906 434 iuberet
950 368 1055 433 Malui
1081 369 1201 452 viginti
1232 368 1343 431 diebus

143 476 215 552 post
238 471 435 536 sententiam
458 491 563 536 meam
587 473 706 537 laudari
727 475 768 538 ab
789 475 939 538 omnibus
957 493 1053 558 quam
1073 494 1093 536 a
1114 474 1226 557 paucis
1248 472 1344 535 bodie
1472 473 1473 512 l

143 573 326 656 vituperari.
371 575 583 664 Qapropter,
607 578 766 666 Qirites,
791 586 972 662 exspectate
996 577 1174 662 legatonrm
1202 576 1341 640 reditum
1356 587 1389 636 1¹1

144 687 177 740 et
200 697 368 762 paucorum
390 680 514 743 dierum
537 681 720 746 molestiam
742 681 902 745 devorate.
946 683 1014 772 Qi
1037 701 1110 746 curn
1131 680 1299 762 redierint,
1315 682 1344 743 si

115 789 254 864 sperem
269 782 416 867 afferent,
431 784 580 867 cupidum
599 803 663 868 me,
678 787 706 849 si
726 785 858 870 bellum,
872 785 1040 869 providum
1060 783 1246 848 iudicatote.
1291 784 1346 848 An

143 903 203 968 ego
226 905 291 948 non
311 887 495 970 provideam
516 889 599 950 meis
619 888 768 952 civibus?
792 908 858 952 non
882 889 952 952 dies
978 898 1150 972 noctesque
1174 887 1214 951 de
1238 897 1347 951 vestra

144 987 302 1072 libertate,
320 989 360 1052 de
374 992 420 1052 rei
443 988 587 1074 publicae
605 991 708 1056 salute
727 991 892 1075 cogitem?
936 991 1025 1081 Qid
1046 993 1136 1055 enim
1159 1011 1225 1056 non
1243 991 1347 1056 debeo

143 1092 246 1176 vobis,
276 1092 434 1179 Quirites,
463 1113 558 1178 quem
584 1114 642 1159 vos
667 1115 688 1158 a
717 1115 753 1158 se
781 1105 887 1159 ortum
917 1096 1101 1159 hominibus
1132 1095 1346 1158 nobilissimis

142 1196 292 1260 omnibus
314 1197 488 1261 honoribus
509 1198 725 1282 praetulistis?
768 1199 823 1264 An
841 1200 984 1282 ingratus
1005 1199 1101 1264 sum?
1123 1201 1194 1282 quis
1213 1199 1346 1261 nunus?

101 1301 197 1383 requi
221 1301 321 1384 partis
343 1302 516 1365 honoribus
533 1301 663 1366 eosdem
681 1304 717 1365 in
737 1302 806 1366 foro
818 1304 911 1385 'gessi
936 1303 1069 1387 labores,
1085 1322 1165 1386 quos
1187 1301 1346 1386 petendis.

143 1403 248 1470 Rudis
274 1408 309 1468 in
339 1425 372 1468 re
400 1405 552 1490 publica?
585 1407 656 1490 quis
682 1407 898 1490 exercitatior,
923 1407 979 1488 qui
1002 1407 1124 1490 viginti
1151 1407 1217 1469 iam
1242 1425 1346 1469 annos

144 1510 262 1574 bellum
291 1529 399 1592 geram
429 1529 502 1573 cum
531 1511 641 1593 impiis
670 1511 816 1574 civibus?
871 1511 980 1599 Qam
1009 1511 1051 1576 ob
1080 1529 1160 1594 rem,
1185 1501 1382 1598 Quirites?
1472 1579 1473 1584 ἵ

144 1613 283 1676 consilio
297 1622 450 1695 quantum
469 1623 591 1697 potero,
607 1613 714 1676 labore
732 1613 804 1696 plus
819 1633 920 1698 paene
937 1629 1033 1696 quam
1053 1623 1164 1698 potero
1182 1613 1346 1677 excubabo
1357 1625 1396 1670 18

144 1715 347 1798 vigilaboque
373 1735 429 1799 pro
454 1717 556 1779 vobis.
613 1715 744 1780 Etenim
769 1719 842 1800 quis
871 1727 921 1781 est
947 1719 1042 1802 civis,
1069 1720 1255 1802 praesertim
1285 1719 1346 1780 hoc

101 1837 130 1888 ¹⁵
143 1817 252 1902 gradu,
267 1836 330 1901 quo
348 1837 401 1880 me
419 1837 477 1882 vos
494 1839 564 1882 esse
579 1821 738 1904 voluistis,
753 1831 820 1884 tarn
838 1821 959 1885 oblitus
980 1821 1127 1884 beneficii
1147 1824 1257 1906 vestri,
1276 1833 1346 1884 tam

146 1923 314 1986 immernor
329 1924 461 2006 patriae,
476 1932 544 1986 tam
563 1924 717 1987 inimicus
732 1923 902 2007 dignitatis
922 1944 1010 2010 suae,
1024 1945 1118 2009 quern
1135 1946 1200 1989 non
1215 1927 1346 2008 excitet,

146 2044 211 2088 non
234 2023 412 2088 inflammet
430 2035 539 2089 tantus
558 2036 664 2090 vester
682 2029 744 2090 iste
765 2030 965 2093 consensus?
1007 2029 1131 2093 Multas
1152 2048 1347 2112 magnasque

146 2129 241 2192 habui
270 2129 380 2191 consul
411 2131 593 2212 contiones,
619 2130 729 2193 multis
759 2131 912 2195 interfui:
944 2132 1066 2197 nullam
1095 2153 1247 2216 umquam
1276 2133 1346 2196 vidi

145 2243 283 2316 tantam,
301 2242 421 2315 quanta
443 2252 529 2296 nunc
546 2243 688 2297 vestrum
710 2244 769 2298 est.
814 2235 927 2301 Unum
947 2239 1077 2301 sentitis
1097 2257 1222 2322 omnes,
1246 2255 1348 2300 unum

101 2359 134 2394 ιο
146 2338 293 2419 studetis,
316 2337 366 2400 M.
393 2337 528 2400 Antonii
554 2346 687 2401 conatus
711 2347 851 2402 avertere
875 2359 951 2402 are
976 2341 1113 2424 publica,
1131 2341 1269 2404 furorem
1292 2359 1349 2402 ex-

146 2443 318 2526 stinguere,
347 2441 525 2525 opprimere
559 2438 735 2506 audaciam.
797 2440 887 2506 Idem
916 2443 1030 2507 volunt
1064 2464 1178 2508 omnes
1206 2443 1348 2526 ordines,

147 2544 260 2608 eodem
296 2546 487 2608 incumbunt
524 2545 713 2628 municipia,
742 2545 902 2630 coloniae,
931 2558 1047 2611 cuncta
1078 2547 1181 2611 ltalia
1237 2546 1348 2630 Itaque

146 2660 293 2712 senatum
324 2650 406 2712 bene
435 2669 492 2712 sua
520 2658 634 2732 sponte
663 2647 788 2713 firmum
816 2649 989 2716 firmiorem
1018 2661 1125 2716 vestra
1154 2653 1347 2716 auctoritate

147 2753 279 2818 fecistis.
325 2752 423 2816 Venit
448 2764 587 2836 tempus,
611 2751 769 2836 Quirites,
792 2755 892 2817 serius
918 2758 1065 2840 omnino,
1089 2774 1185 2839 quam
1211 2756 1398 2840 dignumne

180 3023 203 3070 4
222 3011 367 3062 Devorate.
384 3005 495 3052 ‘swallow
504 3004 573 3050 down
584 3003 624 3052 the
636 3005 723 3067 annoyl
772 3004 914 3066 ‘snrpidnm’
926 3005 971 3052 and
981 3013 988 3033 ⁸
997 3006 1118 3054 timidum!
1472 2999 1473 3086 l

147 3076 218 3123 ance!
251 3075 295 3134 Cp.
314 3073 378 3119 Brut.
397 3069 438 3131 67.
460 3067 507 3130 236
526 3071 670 3117 'Hominum
689 3071 723 3116 in·
806 3069 829 3118 8.
849 3075 869 3119 Α
889 3087 916 3119 se
936 3083 1033 3128 ortum,
1048 3073 1121 3119 ‘with
1135 3087 1166 3119 no
1181 3081 1305 3137 parentage
1319 3082 1349 3120 to
1472 3089 1473 3094 ¹

148 3141 220 3200 eptias
237 3155 264 3187 ae
280 3137 395 3193 stultitias,
413 3151 471 3198 quae
489 3136 633 3184 devorandae
656 3135 722 3182 nobis
772 3137 838 3183 boast
850 3135 891 3184 of!

148 3205 214 3252 sunt!
805 3215 829 3264 9.
847 3202 1027 3250 Praetulistis.
1072 3203 1153 3251 Cicero
1176 3219 1222 3250 was
1241 3205 1348 3252 retumed

183 3282 205 3328 5.
224 3271 369 3330 cupidum.
412 3267 523 3314 Graevius
539 3267 659 3327 interprete
676 3267 722 3315 this
772 3275 797 3313 at
808 3267 849 3314 the
860 3266 920 3315 head
932 3268 960 3313 os
971 3267 1011 3314 the
1022 3268 1068 3328 poll
1080 3269 1137 3316 both
1148 3269 1184 3316 sor
1195 3269 1236 3317 the
1246 3278 1350 3330 praetor-

148 3336 231 3382 ‘nimis
242 3334 340 3395 partium
352 3331 495 3386 studiosum:
517 3333 570 3378 ‘led
593 3341 669 3394 astray
690 3334 722 3394 by
771 3331 822 3392 ship
840 3330 907 3380 inno
923 3333 990 3387 ihc..
1003 3335 1047 3381 and
1065 3335 1101 3381 lor
1118 3333 1158 3381 the
1175 3335 1305 3396 consulship
1323 3336 1349 3382 in

148 3410 215 3463 party
231 3400 316 3464 feeling
323 3400 336 3452 ;¹
352 3399 487 3460 comparing
498 3411 540 3458 pro
551 3397 619 3446 Font.
637 3408 674 3444 to.
692 3409 718 3445 at
772 3395 804 3458 63
817 3397 875 3446 tte.
909 3399 954 3445 For
965 3399 1006 3446 the
1023 3399 1090 3446 latter
1106 3399 1136 3448 he
1153 3399 1198 3450 had
1215 3415 1300 3464 among
1311 3401 1350 3448 his

149 3466 274 3514 ‘Testibus
286 3500 311 3513 ..
327 3465 432 3526 .eupidis
445 3472 468 3510 et
486 3464 547 3510 iratis
558 3471 583 3509 et
599 3463 722 3511 coniuratis
772 3464 914 3527 antagonists
931 3472 980 3511 two
996 3465 1123 3525 patriciam,
1141 3465 1168 3513 L.
1185 3466 1283 3514 C'atilina
1301 3467 1348 3513 and

150 3543 173 3580 et
185 3535 215 3580 ab
226 3532 335 3596 religione
347 3530 442 3578 remotis
450 3530 463 3585 ;'
475 3529 520 3576 and
537 3543 579 3590 pro
590 3528 658 3576 Caec.
671 3541 694 3590 3.
706 3527 721 3576 8
773 3529 798 3576 Ρ.
807 3529 890 3585 Galba,
902 3529 947 3576 and
957 3538 1006 3576 two
1019 3530 1132 3590 plebeiam
1143 3532 1171 3578 οἱ
1176 3533 1246 3579 noble
1259 3532 1349 3592 family.

149 3598 277 3659 ‘cupidior
303 3611 373 3658 quam
395 3595 521 3656 sapientem
549 3594 647 3642 iudicem
675 3609 723 3642 esse
772 3594 801 3642 0.
812 3595 926 3642 Antonius
938 3595 1039 3657 Hybrida
1054 3596 1101 3658 (his
1118 3596 1247 3662 eolleague)
1262 3599 1308 3644 and
1318 3595 1348 3645 L.

150 3678 248 3725 aequum
259 3662 309 3710 est!
342 3663 385 3723 Cp.
397 3663 444 3710 also
455 3662 520 3709 Fam.
533 3658 569 3708 16.
581 3672 618 3715 rt,
630 3673 645 3720 3
658 3660 724 3708 ‘Nos
773 3660 863 3707 Cassius
874 3661 998 3724 Longinus.

150 3731 239 3793 agimus
257 3728 312 3776 nihil
335 3727 438 3788 eupider'
458 3725 548 3791 though
568 3727 592 3773 in
611 3726 641 3774 all
660 3725 724 3774 these
810 3727 942 3790 Ingratus.
987 3727 1030 3788 Cp.
1060 3741 1101 3787 pro
1136 3728 1199 3777 Mur.
1226 3743 1250 3790 4.
1277 3726 1292 3774 8
1322 3728 1349 3788 (a

150 3810 255 3858 passages
266 3793 385 3854 ‘cupidus'
395 3794 472 3841 rather
486 3807 565 3841 means
576 3791 682 3840 ‘blinded
693 3795 725 3855 by
774 3799 867 3851 corrupt
878 3807 979 3858 passage.
996 3792 1073 3840 whose
1090 3795 1179 3856 general
1197 3793 1305 3857 meaning
1321 3794 1349 3849 is.

151 3861 191 3908 the
202 3860 292 3920 passion
308 3859 335 3906 ol
347 3859 388 3906 the
402 3859 522 3916 moment:
540 3860 563 3906 in
580 3858 620 3906 the
634 3867 725 3918 present
775 3855 890 3912 however.
901 3857 960 3905 clear
972 3858 1072 3922 enough)
1090 3859 1167 3906 ‘Cum
1178 3860 1279 3920 praemia
1290 3859 1348 3906 mihi

149 3943 202 3974 case
229 3927 260 3988 by
282 3925 396 3972 obstinate
421 3924 541 3987 antipathy
568 3933 594 3971 to
622 3925 725 3986 Antony.
775 3931 840 3970 tanta
857 3937 898 3984 pro
916 3923 959 3971 hac
981 3924 1092 3971 industria
1111 3925 1156 3972 sint
1179 3925 1242 3980 data.
1261 3933 1348 3986 quanta

152 3991 255 4041 Another
267 3991 479 4050 interpretationot'
493 3989 628 4050 ‘cupidum'
641 3989 695 4037 here
706 3990 725 4038 is
775 3997 845 4035 antea
864 3989 965 4036 nunini:
993 3989 1024 4036 sic
1043 3997 1066 4036 et
1084 3989 1102 4036 si
1119 3990 1204 4052 ceperis
1227 4005 1275 4046 eos.
1295 4005 1348 4038 curn

151 4066 236 4124 ‘eager
251 4068 277 4106 to
293 4057 402 4104 welcome
419 4055 437 4103 it
445 4053 460 4111 ;'
471 4056 523 4103 that
538 4057 556 4103 it
568 4055 643 4102 would
659 4069 725 4102 come
775 4054 870 4114 adeptus
881 4054 918 4110 sis.
929 4056 1050 4116 deponere,
1061 4063 1119 4102 esset
1133 4055 1233 4104 hominis
1244 4065 1268 4104 et
1279 4057 1349 4104 astuti

151 4124 326 4185 unexpectedly.
337 4123 379 4169 but
390 4135 450 4168 none
462 4121 502 4168 the
511 4122 554 4168 less
570 4120 680 4168 welcome
694 4135 725 4167 on
775 4127 799 4166 et
811 4120 909 4184 ingrati·

150 4191 202 4238 that
214 4197 319 4236 anconnt.
352 4185 410 4233 This
421 4187 528 4233 however
543 4185 601 4230 loses
618 4184 727 4230 thesnti
811 4195 848 4230 rr.
874 4184 981 4248 Viginti
1007 4187 1060 4232 iam
1087 4201 1181 4234 annos.
1224 4187 1291 4234 Since
1313 4186 1349 4234 bis

151 4250 419 4313 theslsto¹proridum.’
453 4247 724 4296 Therelsnorariarion
775 4247 909 4306 consulship.
943 4247 984 4294 See
997 4261 1019 4296 a.
1033 4261 1055 4303 r,
1069 4261 1079 4296 1
1093 4259 1157 4298 note.

153 4319 176 4363 in
188 4319 227 4366 the
239 4318 360 4371 MSS.‚but
371 4314 510 4374 conjectura}
520 4311 677 4358 emendations
687 4325 726 4356 are
812 4321 820 4354 r
825 4321 848 4368 5.
868 4313 966 4360 Gradu.
999 4312 1034 4361 Sc.
1045 4319 1052 4339 ⁶
1062 4314 1189 4361 cornaleti!
