2970 4700
133 250 290 308 §tiu-8⁷.
428 241 599 304 ORATIO
629 244 907 308 PHILIPPICA
933 246 1028 308 XIV.
1266 261 1327 332 337

129 399 244 464 eodem
260 403 463 466 monimento
475 401 628 468 declarari
651 412 685 467 et
700 403 854 468 virtutem
869 423 997 468 suorum
1013 412 1047 469 et
1060 405 1168 490 populi
1185 405 1330 470 Romani

129 505 284 589 pietatem
299 513 333 569 et
347 513 477 574 senatus
491 503 587 570 fidem
607 515 641 570 et
656 505 867 570 cnrdelissimi
886 509 1077 571 memoriam
1098 507 1195 572 belli:
1216 511 1252 570 in
1267 527 1331 592 quo

129 607 196 671 nisi
211 615 305 670 tanta
319 607 461 672 militum
475 609 577 672 virtus
593 610 782 694 exstitisset,
797 608 969 694 parricidio
983 609 1032 674 M.
1049 609 1189 674 Antonii
1210 629 1330 674 nomen

129 711 237 795 populi
254 710 397 774 Romani
412 711 594 775 occidisset.
639 713 747 794 Atque
762 714 863 776 etiam
881 733 1009 798 cense0,
1024 722 1129 797 patres
1144 715 1330 798 conscripti,

128 833 210 898 quae
240 817 383 898 praemia
411 813 570 878 militibus
600 817 805 898 promisimus
835 835 895 880 nos
924 837 957 881 re
992 816 1119 901 publica
1147 825 1359 901 remperatar

128 905 319 1013 tributuros)
335 939 374 984 ea
395 920 480 981 vivis
499 919 737 1001 victoribusque
761 920 931 1004 cumulate,
951 905 1028 984 cunr‘
1047 929 1173 1004 tempus
1191 921 1330 1004 venerit,

130 1015 363 1105 persolvenda:
392 1022 447 1103 qui
474 1030 584 1085 autem
609 1040 648 1085 ex
674 1024 730 1106 iis,
755 1023 870 1106 quibus
897 1023 953 1087 illa
978 1026 1134 1106 promissa
1159 1031 1247 1107 sunt,
1274 1041 1332 1106 pro

131 1127 235 1207 patria
256 1123 455 1208 occiderunt,
474 1143 584 1188 eorum
606 1125 801 1210 parentibus,
822 1126 943 1211 liberis,
962 1127 1162 1210 coniugibus,
1181 1125 1331 1192 fratribus

132 1229 246 1294 eadem
261 1227 432 1292 tribuenda
446 1247 571 1292 censeo.

62 1345 119 1414 14
176 1331 249 1416 Sed,
285 1341 322 1396 ut
358 1331 530 1414 aliquando
562 1334 726 1397 sententia
758 1333 963 1418 complectar,
993 1335 1040 1396 ita
1069 1352 1209 1397 censeo:
1245 1332 1331 1397 Cum
1346 1343 1378 1382 ¹⁰

74 1433 117 1480 ³⁰
130 1435 172 1500 C.
198 1433 312 1518 Pansa,
338 1434 461 1517 consul,
493 1436 677 1520 imperator,
703 1437 836 1499 initium
865 1455 938 1500 cum
964 1437 1109 1499 hostibus
1135 1435 1330 1519 confligendi

129 1538 256 1621 fecerit,
273 1556 336 1619 quo
354 1537 476 1622 proelio
493 1537 578 1621 legio
597 1537 722 1602 Martia
741 1536 926 1602 admirabili
947 1537 1192 1621 incredibilique
1210 1539 1331 1601 virtute

129 1642 313 1705 libertatem
331 1640 439 1725 populi
454 1639 598 1704 Romani
619 1641 810 1725 defenderit,
824 1641 907 1725 quod
926 1641 1014 1704 idem
1032 1641 1176 1724 legiones
1187 1642 1332 1705 tironum

128 1744 280 1828 fecerint,
290 1746 420 1827 ipseque
434 1743 475 1808 C.
490 1742 605 1828 Pansa,
615 1744 739 1830 consul,
755 1747 937 1830 imperator,
946 1763 1020 1808 cum
1036 1745 1121 1808 inter
1136 1743 1244 1808 media
1259 1743 1332 1806 hos·

129 1849 214 1912 tium
229 1848 295 1910 tela
308 1857 497 1931 versarem,
508 1847 640 1911 vulnera
654 1849 829 1932 acceperit:
845 1866 979 1930 cumque
995 1847 1036 1911 A.
1051 1847 1192 1930 Hirtius,
1207 1846 1331 1930 consul,
1347 1861 1376 1914 ¹⁵

131 1953 314 2036 imperator,
329 1950 449 2035 proelio
462 1951 584 2035 audito,
600 1971 633 2014 re
647 1953 789 2035 cognita,
802 1950 981 2016 fortissimo
995 1953 1332 2035 praestantissimoque

129 2057 241 2120 animo
267 2055 443 2118 exercitum
464 2055 579 2118 castris
605 2053 748 2118 eduxerit
775 2056 991 2138 impetumque
1016 2055 1051 2116 in
1076 2053 1126 2118 Μ.
1150 2055 1332 2118 Antonium

129 2160 365 2240 exercitumque
388 2157 528 2220 hostium
550 2156 664 2221 fecerit
689 2157 819 2240 eiusque
843 2159 952 2240 copias
974 2156 1142 2220 occidione
1164 2155 1332 2238 occiderit,

129 2280 189 2324 suo
203 2261 344 2324 exercitu
358 2262 406 2324 ita
421 2259 588 2343 incolumi,
602 2269 637 2323 ut
653 2279 694 2321 ne
709 2278 808 2322 unum
823 2259 952 2342 quidem
971 2258 1110 2323 militem
1126 2258 1331 2322 desiderarit:

76 2385 115 2436 av
130 2382 265 2445 cumque
280 2361 321 2426 C.
337 2362 469 2446 Caesar,
488 2381 545 2445 pro
564 2371 719 2446 praetore,
734 2363 918 2446 imperator,
939 2361 1078 2425 consilio
1098 2359 1331 2445 diligentiaque
1345 2378 1378 2416 20

129 2486 188 2530 sua
207 2475 314 2530 castra
333 2465 474 2529 feliciter
494 2464 675 2528 defenderit
695 2467 866 2549 copiasque
886 2465 1040 2548 hostium,
1062 2482 1143 2545 quae
1165 2463 1206 2528 ad
1227 2471 1332 2526 castra

129 2577 343 2652 accesserant,
363 2567 551 2652 profligarit,
570 2550 742 2631 occiderit:
771 2568 814 2630 ob
832 2587 887 2630 eas
909 2587 959 2630 res
977 2575 1126 2630 senatum
1147 2567 1331 2630 existimare

129 2681 164 2736 et
186 2673 327 2734 iudicare
349 2689 458 2734 eorum
481 2671 581 2733 trium
602 2671 832 2754 imperatorum
854 2671 985 2753 virtute,
1010 2671 1159 2753 imperio,
1181 2668 1332 2752 consilio,

126 2777 300 2860 gravitate,
337 2774 533 2856 constantia,
571 2769 795 2855 magnitudine
832 2773 948 2855 animi,
984 2771 1141 2835 felicitate
1181 2770 1331 2856 populum

130 2879 316 2944 Romanum
336 2875 523 2940 foedissima
543 2874 824 2958 crudelissimaque
844 2877 1000 2938 servitute
1021 2875 1213 2958 liberatum3
1242 2892 1331 2936 cum-
1344 2893 1374 2946 ις

128 3003 191 3066 que
221 3001 288 3046 rem
318 2979 491 3064 publicam,
519 2980 643 3061 urbem,
668 2978 789 3062 templa
814 2977 946 3043 deorum
976 2978 1218 3056 immortalium,
1245 2976 1332 3039 bona

129 3088 336 3166 fortunasque
375 3084 522 3146 omnium
565 3080 743 3162 liberosque
786 3083 1007 3144 conservarint
1049 3079 1261 3143 dimicatione
1297 3086 1331 3141 et

131 3188 273 3273 periculo
287 3187 378 3251 vitae
392 3205 479 3269 suae,
494 3186 542 3247 uti
563 3184 606 3247 ob
619 3203 673 3247 eas
688 3202 739 3249 res
757 3185 850 3267 bene,
865 3184 991 3246 fortiter
1005 3182 1205 3264 feliciterque
1225 3190 1331 3266 gestas

130 3291 172 3358 C.
198 3290 304 3355 Pansa
330 3289 370 3353 A.
398 3288 528 3352 Hirtius
554 3287 714 3371 consules,
740 3288 960 3371 imperatores,
986 3285 1066 3350 alter
1090 3286 1238 3368 ambove,
1263 3293 1330 3370 aut,

130 3399 159 3460 si
183 3396 328 3477 aberunt,
349 3392 398 3456 M.
421 3392 583 3457 Cornutus
604 3399 732 3474 praetor
753 3390 890 3454 urbanus
913 3389 1163 3475 supplicationes
1183 3408 1239 3473 per
1261 3386 1330 3452 dies
1344 3405 1378 3456 3⁰

165 3576 186 3608 c.
200 3571 237 3620 14.
254 3558 291 3607 IIe
301 3556 418 3606 concludes
429 3556 456 3616 by
467 3553 580 3617 nsomrol
590 3561 646 3608 vote.
657 3553 707 3602 ebat
755 3569 802 3602 war
816 3563 859 3602 not
877 3554 917 3602 the
929 3554 1049 3602 subeunte
1064 3553 1094 3601 of
1107 3551 1142 3600 hir
1153 3560 1216 3607 vote,
1233 3551 1275 3598 but
1290 3549 1332 3598 tlte

130 3625 167 3676 rte
183 3625 243 3673 elme
255 3622 365 3688 generale
379 3622 463 3670 rboerld
476 3623 560 3669 receive
575 3620 610 3666 tlre
625 3619 706 3666 rhaab
756 3634 847 3668 reasons
859 3621 895 3666 for
906 3620 932 3667 ir.

129 3691 162 3750 os
172 3689 209 3738 the
225 3698 306 3743 rmore.
324 3687 376 3734 aad
393 3688 442 3735 etot
458 3701 474 3735 ο
492 3681 668 3748 'nepplicntr'on’
681 3683 711 3744 os
791 3697 828 3744 13.
848 3685 983 3748 Legiones
1003 3683 1132 3731 tironum.
1166 3681 1226 3731 Two
1244 3680 1332 3744 legione

122 3756 181 3819 fifty
198 3755 256 3815 days
274 3752 359 3801 ebould
376 3753 402 3802 be
417 3752 472 3800 held
487 3751 511 3799 ire
526 3751 584 3800 tbeir
601 3749 706 3803 bonove,-
756 3748 782 3796 ol
798 3749 900 3808 recruits,
911 3757 953 3796 out
972 3749 1001 3794 ol'
1015 3748 1066 3793 four
1083 3746 1158 3794 which
1176 3745 1216 3794 tbe
1234 3745 1331 3795 Consule

130 3822 181 3868 rtet
202 3820 238 3868 tte
260 3818 363 3868 rnuordr
380 3817 497 3879 ponerent
513 3825 536 3864 to
555 3816 591 3864 tie
608 3813 707 3861 soldiere
756 3815 890 3875 apparnrtly
900 3811 947 3860 had
959 3811 1017 3859 with
1028 3811 1100 3868 them,
1112 3825 1172 3859 were
1188 3812 1292 3876 engaged
1308 3812 1332 3858 in

129 3883 214 3934 ffiovld
240 3884 267 3932 be
293 3882 433 3947 eonfireudr
459 3882 507 3928 dot
533 3895 549 3929 ο
576 3886 708 3928 monumen
756 3879 797 3928 the
807 3878 887 3926 battle.
916 3877 1033 3926 Secum
1047 3888 1085 3939 14.
1098 3888 1138 3938 30,
1152 3889 1173 3926 2.

130 3949 214 3998 ebovld
234 3949 260 3997 be
281 3949 360 3996 raised
379 3957 405 3995 at
421 3948 457 3996 ebe
470 3945 550 4008 public
570 3953 664 4007 expense
682 3943 706 3990 in
790 3941 829 3992 28.
848 3943 928 3991 Vitae
948 3958 1019 3990 suae.
1053 3941 1106 3988 The
1122 3942 1224 4006 genitive
1237 3941 1332 4003 belongs

129 4015 220 4064 mro·
230 4014 260 4075 of
274 4014 311 4062 rte
329 4012 404 4068 dead,-
421 4013 471 4060 nnd
486 4012 535 4059 etot
551 4011 587 4059 ibe
604 4008 708 4057 reverte
757 4018 783 4057 to
802 4007 977 4055 'dimicatione'
996 4021 1021 4054 ee
1038 4007 1089 4055 well
1107 4023 1132 4055 es
1149 4016 1175 4055 to
1195 4005 1331 4066 ‘periodos

130 4080 181 4127 aad
189 4080 290 4128 ionem
301 4078 377 4126 duero
393 4077 452 4126 rbem
465 4076 548 4126 ebouM
561 4076 587 4124 be
598 4072 709 4123 tanuen
757 4087 792 4134 cp.
809 4074 837 4120 de
859 4073 927 4121 Prov.
945 4073 1015 4121 Cone.
1035 4085 1059 4136 9,
1081 4083 1111 4134 ²³
1131 4070 1332 4130 ‘Impendeutibue

130 4159 161 4193 oa
172 4145 232 4192 elrer'r
241 4144 361 4208 minag
371 4143 484 4190 nlarbu.
756 4138 859 4201 perindie
874 4137 981 4186 maximis
995 4151 1047 4184 cum
1062 4136 1209 4184 dimimtione
1224 4133 1304 4192 cepitis
1313 4133 1331 4192 ς’

167 4222 205 4258 ιο.
225 4209 377 4264 Sententia,
394 4213 435 4255 ‘to
446 4222 497 4255 rum
508 4221 539 4268 up
549 4205 612 4254 what
624 4205 635 4252 1
647 4206 708 4255 have
757 4218 799 4265 pro
809 4203 887 4251 Pleno.
900 4215 940 4265 ³²·
954 4211 984 4266 77
996 4202 1078 4248 ‘Vitae
1088 4197 1263 4248 dimicationea'

130 4275 319 4338 beenurgingin
335 4289 348 4320 e
364 4272 448 4320 formal
465 4272 534 4320 vote!
569 4271 639 4318 Helm
655 4287 708 4336 eng·
791 4279 830 4330 30.
849 4269 887 4316 Μ.
907 4270 1051 4317 Cornutus.
1092 4268 1123 4313 Ae
1140 4266 1187 4326 city
1205 4270 1296 4325 praetor
1313 4262 1332 4311 it

132 4339 374 4404 geetr‘seutentiem'
385 4339 428 4386 but
435 4336 499 4386 what
507 4336 548 4386 hae
556 4350 617 4400 gone
629 4337 708 4385 before
757 4349 804 4381 was
823 4332 858 4380 his
878 4332 960 4382 official
980 4333 1037 4393 duty
1048 4339 1076 4378 to
1095 4329 1151 4378 talne
1170 4328 1211 4378 the
1229 4329 1294 4390 plene
1307 4329 1336 4375 of

1043 4425 1064 4472 Z
