2868 4700
167 253 209 337 5⁶
513 251 564 313 M.
594 253 752 314 TULLII
780 251 1029 315 CICERONIS
1196 265 1380 320 ears-ro.

167 412 267 495 cives,
287 413 316 473 si
339 412 425 474 idem
448 412 673 495 providissent,
695 412 843 476 firissent.
888 411 1059 494 Dolebarn,
1078 409 1239 492 dolebam,
1261 418 1376 492 patres

167 517 354 599 conscripti,
391 535 459 578 rem
495 517 655 601 publicam
691 518 806 580 vestris
841 515 1003 598 quondam
1041 515 1185 598 meisque
1220 513 1375 577 consiliis

167 628 389 682 conservatam
407 619 497 682 brevi
517 629 661 704 tempore
679 640 748 683 esse
768 622 953 704 perituram.
998 618 1074 683 Nec
1095 638 1172 681 vero
1189 637 1278 680 eram
1298 627 1373 679 tam

168 721 316 785 indoctus
332 711 520 806 ignarusque
542 742 659 808 rerum,
673 733 708 786 ut
723 723 883 808 frangerer
898 725 1010 787 animo
1028 730 1155 806 propter
1169 723 1257 784 vitae
1278 721 1374 804 cupi-

139 825 316 909 rditatem,
331 845 412 908 quae
428 845 481 888 me
503 846 639 890 manens
661 827 832 891 conficeret
854 827 1038 911 angoribus,
1054 826 1190 889 dimissa
1206 823 1374 888 molestiis

168 929 318 992 omnibus
343 929 502 993 liberaret.
546 928 623 993 Illos
647 951 707 1015 ego
732 932 1027 1015 praestantissimos
1051 931 1150 1013 viros,
1173 929 1297 991 lumina
1320 929 1372 989 rei

168 1033 325 1116 publicae,
348 1034 457 1096 vivere
483 1033 643 1118 volebam,
669 1043 718 1097 tot
740 1035 933 1118 consulares,
954 1043 1005 1098 tot
1027 1034 1214 1118 praetorios,
1237 1041 1286 1094 tot
1310 1032 1374 1093 ho-

169 1137 372 1200 nestissimos
391 1146 564 1221 senatores,
586 1156 717 1200 omnem
740 1148 903 1222 praeterea
921 1137 1030 1201 liorem
1054 1136 1235 1202 nobilitatis
1256 1156 1295 1198 ac
1320 1137 1373 1197 iu-

168 1242 324 1324 ventutis,
333 1250 402 1304 tum
411 1242 606 1325 optimorum
618 1243 740 1304 civium
749 1243 926 1324 exercitus,
945 1244 1000 1325 qui
1011 1243 1039 1304 si
1051 1243 1210 1323 viverent,
1219 1239 1373 1322 quamvis

125 1367 157 1405 ιο
169 1345 281 1428 iniqua
296 1344 484 1408 conditione
501 1345 713 1428 pacis-mihi
735 1347 824 1408 enim
844 1347 952 1409 omnis
968 1365 1029 1430 pax
1049 1365 1123 1408 cum
1138 1345 1264 1408 civibus
1283 1342 1372 1405 bello

168 1448 260 1511 civili
285 1448 396 1511 utilior
420 1448 697 1512 videbatur—rem
720 1449 881 1532 publicam
907 1449 1002 1512 hodie
1028 1457 1220 1512 teneremus.
1272 1446 1369 1533 Qae
1385 1459 1426 1506 tre

167 1553 332 1614 sententia
349 1553 378 1614 si
395 1552 559 1634 valuisset,
577 1571 614 1614 ac
636 1571 702 1614 non
723 1554 753 1614 ei
775 1555 917 1615 maxime
936 1553 1028 1637 mihi,
1046 1571 1179 1635 quornm
1200 1571 1260 1635 ego
1277 1553 1369 1612 vitae

167 1654 385 1738 consulebam,
406 1675 462 1740 spe
485 1656 639 1718 victoriae
662 1656 740 1720 elati
761 1657 976 1740 obstitissent,
998 1665 1034 1719 ut
1056 1656 1122 1720 alia
1142 1657 1307 1737 omittam,
1332 1663 1368 1716 tu

168 1767 255 1820 certe
277 1775 451 1840 numquam
475 1758 510 1819 in
532 1759 592 1820 hoc
612 1756 736 1843 ordine,
756 1761 808 1823 vel
831 1761 938 1844 potius
958 1779 1132 1844 numquam
1155 1760 1191 1821 in
1210 1759 1270 1822 hac
1289 1758 1368 1821 urbe

124 1860 350 1936 remansisses.
405 1862 451 1925 At
480 1881 557 1924 vero
585 1861 649 1926 Cn.
678 1860 810 1948 Pompei
841 1864 1043 1928 voluntatem
1072 1883 1092 1926 a
1120 1882 1172 1926 me
1201 1862 1368 1926 alienabat

166 1964 272 2027 oratio
293 1983 375 2026 mea.
421 1963 474 2026 An
496 1965 551 2026 ille
573 1984 765 2048 quemquam
786 1967 857 2049 plus
877 1966 1014 2030 dilexit?
1041 1986 1114 2029 cum
1136 1966 1201 2028 ullo
1223 1975 1279 2030 aut
1301 1985 1370 2028 ser-

168 2085 280 2129 mones
300 2076 355 2130 aut
374 2068 511 2130 consilia
531 2069 668 2132 contulit
689 2071 839 2154 saepius?
861 2069 943 2152 quod
964 2071 1093 2154 quidem
1113 2078 1181 2133 erat
1202 2089 1368 2152 magnum,

166 2168 206 2244 de
221 2189 347 2234 summa
361 2190 395 2232 re
406 2170 533 2255 publica
542 2172 771 2237 dissentientes
786 2175 822 2236 in
834 2175 945 2236 eadem
957 2173 1189 2237 consuetudine
1199 2173 1368 2236 amicitiae

167 2293 363 2358 permanere.
408 2273 486 2359 Ego,
506 2274 582 2358 quid
606 2276 672 2359 ille,
695 2285 728 2339 et
750 2287 863 2340 contra
885 2277 952 2360 ille,
974 2277 1049 2360 quid
1073 2297 1133 2361 ego
1154 2277 1310 2340 sentirem
1333 2285 1367 2339 et

122 2387 355 2463 respectarem,
373 2377 513 2441 videbat.
558 2377 626 2464 Ego
646 2380 865 2444 incolumitati
887 2381 1010 2443 civium
1028 2381 1178 2464 primum,
1196 2389 1231 2442 ut
1254 2389 1368 2464 postea

165 2481 319 2566 dignitati
350 2501 524 2566 possemus,
555 2483 609 2545 ille
644 2486 803 2568 praesenti
838 2482 992 2566 dignitati
1022 2485 1130 2568 potius
1167 2485 1365 2547 consulebat.

165 2585 261 2672 Qod
281 2595 391 2649 autem
409 2587 546 2649 habebat
566 2594 697 2669 uterque
716 2587 793 2670 quid
814 2597 1006 2671 sequeretur,
1025 2587 1145 2652 idcirco
1167 2587 1366 2651 tolerabilior

166 2700 234 2754 erat
260 2699 368 2754 nostra
392 2691 561 2754 'dissensio
613 2690 702 2777 Qid
733 2710 809 2753 vero
838 2690 894 2753 ille
919 2691 1090 2775 singularis
1115 2692 1166 2754 vir
1194 2712 1232 2755 ac
1262 2711 1365 2776 paene
1381 2703 1420 2750 aa

165 2794 295 2858 divinus
313 2795 352 2858 de
373 2813 425 2857 me
443 2795 591 2877 senserit,
606 2795 714 2857 sciunt
730 2794 785 2876 qui
801 2813 875 2857 eum
895 2795 935 2858 de
950 2795 1114 2858 Pharsalia
1133 2794 1207 2879 fuga
1221 2794 1365 2878 Paphum
1425 2763 1426 2808 ¹

120 2923 150 2974 ¹5
165 2899 322 2983 persecuti
346 2905 430 2962 sunt.
477 2897 665 2980 Numquam
688 2897 786 2961 abeo
808 2899 934 2962 mentio
953 2897 993 2960 de
1017 2918 1068 2961 me
1090 2900 1154 2962 nisi
1178 2899 1364 2983 honorifica,

200 3132 237 3167 ιο.
250 3118 321 3166 Mihi
339 3119 410 3166 enirn
426 3119 514 3167 omnis
530 3133 588 3181 pax.
607 3121 739 3184 Cp.7.3,7
825 3124 962 3185 17.Qrod
987 3125 1098 3185 quidem
1132 3134 1192 3172 eret
1225 3139 1363 3190 magnum,

164 3183 230 3248 ‘Ego
257 3185 301 3239 ille,
324 3185 362 3246 qui
385 3199 474 3246 semper
500 3187 563 3246 pacis
591 3195 670 3234 auctor
697 3189 738 3244 fui,
789 3190 847 3235 ‘and
865 3189 916 3244 this,
932 3189 950 3236 it
973 3199 1035 3239 must
1057 3192 1086 3237 be
1114 3191 1239 3244 confessed.
1260 3206 1307 3238 was
1331 3207 1363 3239 no

164 3250 247 3309 cuique
258 3263 301 3309 per
312 3250 445 3310 praesertim
456 3250 534 3306 civilis,
543 3265 738 3314 qusmqusmom·
788 3253 857 3318 slight
878 3255 948 3314 proof
963 3254 992 3302 of
1010 3256 1096 3304 mutual
1117 3255 1239 3319 gondwill!
1279 3257 1362 3306 cinero

163 3315 231 3362 nibus
242 3315 315 3369 bonis,
328 3323 406 3362 nmen
417 3315 440 3362 in
452 3315 530 3376 primis
542 3317 586 3363 fuit
596 3318 717 3377 optabilis?
788 3319 874 3366 wished
886 3329 912 3367 to
923 3335 1000 3368 secure
1011 3335 1081 3382 perce
1092 3322 1124 3382 by
1135 3322 1252 3386 socepting
1259 3323 1363 3370 Ceesar⁸s

199 3391 237 3427 11.
255 3380 333 3436 Quae
350 3381 491 3427 sententie
505 3382 526 3428 si
544 3382 737 3438 valuissetis.
787 3385 922 3440 conditione,
941 3387 1044 3448 Pompey
1063 3395 1088 3435 to
1110 3387 1165 3434 bold
1183 3397 1225 3435 out
1242 3388 1278 3435 ior
1298 3403 1363 3436 more

163 3444 374 3492 ifCreser'sterms
386 3444 431 3491 lud
448 3446 505 3492 been
522 3447 636 3506 accepted.
661 3448 738 3497 There
787 3448 1017 3499 honourebleterms.

163 3524 223 3558 were
234 3509 285 3558 thet
296 3510 407 3572 Pompey,
419 3511 547 3576 dismissiog
564 3511 598 3559 his
615 3527 681 3575 army
692 3515 736 3562 sud
821 3528 860 3563 er.
878 3516 953 3577 Quid
976 3527 1145 3579 sequeretur,
1158 3523 1198 3566 'es
1209 3518 1265 3566 each
1281 3518 1328 3566 had
1347 3535 1361 3566 e

163 3575 198 3623 bis
218 3576 340 3639 garrirem,
363 3575 444 3623 should
464 3591 494 3640 go
516 3585 542 3624 to
565 3577 639 3638 Spain.
661 3578 736 3627 vbilsr
786 3580 879 3628 delinire
887 3581 963 3641 object
975 3583 999 3629 in
1010 3583 1082 3630 view!

163 3641 247 3688 Caesar
258 3640 354 3689 himself
366 3641 447 3689 should
464 3642 540 3706 resign
559 3642 599 3690 tbe
619 3652 666 3692 two
685 3660 738 3705 pro·
821 3658 859 3707 ²4
876 3646 1007 3707 Paphum.
1041 3648 1142 3696 Valerius
1163 3648 1287 3704 Maximus,
1304 3661 1360 3712 r.5‚

164 3707 241 3753 vinces
252 3707 281 3752 ol'
293 3706 354 3754 Gaul
365 3715 392 3754 to
409 3705 468 3754 their
484 3709 608 3768 respective
625 3720 735 3770 praetors,
786 3707 810 3764 6,
833 3711 884 3758 tells
906 3727 932 3759 us
955 3713 1005 3761 thet
1028 3715 1140 3776 Pompey,
1163 3729 1193 3761 on
1216 3714 1252 3762 his
1271 3731 1320 3778 way
1331 3725 1358 3763 to

163 3770 190 3819 L.
208 3771 327 3818 Domitius
348 3772 392 3818 end
409 3772 531 3830 Considius
548 3773 675 3832 Nonianus,
690 3777 735 3823 and
785 3775 869 3839 Egypt,
882 3779 1010 3838 ⁸appellens
1022 3779 1051 3826 sd
1063 3780 1172 3840 oppidum
1184 3780 1295 3840 Paphum.
1306 3797 1361 3829 oon·

162 3851 228 3883 corne
239 3845 265 3882 to
277 3837 353 3883 Rome
372 3846 397 3885 to
416 3839 482 3884 stand
503 3839 526 3884 in
545 3854 625 3900 person
641 3841 677 3888 sor
696 3841 736 3889 the
785 3843 860 3901 spexit
868 3842 891 3888 in
898 3842 975 3892 littore
986 3845 1114 3904 speciosum
1123 3845 1252 3893 aedilicium
1262 3861 1268 3892 :
1279 3848 1360 3910 guber·

162 3900 299 3961 consulship.
331 3901 449 3950 Seerm.
463 3900 501 3950 16.
515 3915 585 3964 ιη.
785 3915 933 3968 netoremque
954 3909 1110 3974 interrogarit,
1137 3911 1200 3972 qnod
1227 3913 1248 3958 ei
1275 3927 1359 3960 nomen

198 3975 235 4026 15.
247 3966 283 4012 At
300 3981 374 4023 vero,
385 3968 429 4016 &a
453 3967 510 4015 This
519 3969 602 4034 oberge
609 3971 638 4018 οἰ
640 3971 736 4034 Antony
785 3982 859 4021 esset:
882 3975 921 4034 qui
940 3975 1063 4035 respondit,
1085 3973 1250 4030 suaderetis
1267 3979 1360 4026 roosri:

161 4030 180 4078 is
202 4029 327 4078 confirmed
349 4033 381 4093 by
404 4031 537 4081 Macrobius
555 4033 610 4096 (Sat.
629 4047 651 4084 r.
663 4047 685 4096 3.
698 4035 735 4094 8),
785 4052 968 4099 qnaerorspem
976 4039 1358 4102 elonquantulacumquerestabrt,

161 4096 215 4143 rrho
227 4096 276 4143 tells
286 4111 313 4144 us
329 4097 381 4145 that
392 4097 474 4146 Cicero
485 4113 533 4146 was
549 4115 575 4147 so
591 4101 637 4147 free
655 4101 678 4147 in
695 4101 735 4149 the
784 4105 934 4152 comminuit!
968 4107 1010 4152 llis
1021 4107 1171 4167 companions
1182 4108 1207 4154 in
1221 4107 1289 4171 fliglrr
1299 4124 1358 4158 were

162 4161 295 4226 indulgence
312 4163 341 4210 of
359 4162 394 4210 his
416 4164 522 4212 sarcestic
539 4165 646 4220 humour,
664 4181 688 4212 as
708 4175 734 4213 to
784 4166 820 4214 Μ.
832 4169 954 4224 Favonius,
965 4171 1006 4218 the
1017 4179 1064 4219 two
1077 4172 1176 4228 Lentuli,
1188 4175 1233 4220 end
1246 4173 1287 4221 the
1302 4173 1358 4239 king

162 4227 249 4274 irritste
260 4229 372 4290 Pompey,
382 4243 408 4274 ro
421 4227 471 4276 that
482 4237 505 4276 rt
517 4228 559 4276 lest
568 4229 598 4276 he
609 4231 734 4278 exclainred
784 4232 906 4282 Deiotarus
922 4237 994 4296 (Plut.
1005 4237 1088 4297 Pomp.
1101 4245 1146 4299 ης
1164 4239 1213 4287 Cic.
1224 4240 1253 4286 de
1272 4239 1322 4286 Dis.
1336 4253 1357 4289 2.

162 4293 254 4352 ‘Cupio
277 4292 306 4340 sd
328 4293 405 4340 hostes
428 4291 510 4340 Cicero
532 4301 676 4349 musalms
692 4309 734 4342 nos
785 4304 825 4357 37,
838 4297 888 4360 79).

163 4355 259 4405 timeat!
