2970 4698
177 273 238 358 13⁶
305 275 354 334 nr.
376 273 409 334 r.
429 250 682 335 orcunoms
705 272 876 335 orario
896 271 1171 334 PHILIPPICA
1190 271 1248 332 lv.
1312 297 1346 335 a
1360 281 1397 333 a

176 441 294 518 potest,
309 433 430 498 nullam
453 453 527 498 eum
549 434 645 498 habet
659 435 855 498 civitatem?
877 435 966 517 pacis
980 452 1058 496 vero
1079 452 1160 517 quae
1183 438 1294 516 potest
1309 445 1394 490 esse

174 555 248 600 cum
268 555 308 599 eo
330 539 425 622 ratio,
441 539 476 600 in
493 557 556 621 quo
576 547 624 600 est
645 536 844 601 incredibilis
864 537 1049 622 crudelitas,
1064 536 1141 600 fides
1160 536 1274 598 nulla?
1323 530 1393 594 Est
1407 535 1446 582 1⁸

176 641 285 725 igitur,
306 640 465 730 Quirites,
481 641 598 726 populo
619 639 781 726 Romano,
800 643 917 704 victori
936 641 1083 704 omnium
1101 641 1258 724 gentium,
1279 653 1393 698 omne

175 753 340 808 certamen
369 763 442 808 cum
472 764 665 829 percussore,
694 763 768 808 cum
798 743 933 829 latrone,
963 762 1037 807 cum
1065 743 1227 826 Spartaco.
1285 739 1392 802 Nam

148 847 258 932 ⁵quod
278 867 313 912 se
335 848 477 911 similem
500 868 570 912 esse
589 848 754 914 Catilinae
775 847 906 931 gloriari
924 848 1018 931 solet,
1035 846 1156 911 scelere
1174 865 1230 930 pas
1244 852 1297 906 oet
1318 840 1392 922 illi,
1464 871 1465 888 κ

177 950 334 1014 industria
352 951 494 1014 inferior.
539 950 597 1014 llle
615 971 689 1015 cum
711 953 887 1015 exercitum
909 950 1031 1014 nullum
1052 951 1226 1032 habuisset,
1242 952 1390 1030 repente

176 1053 348 1117 conflavit:
374 1054 429 1117 hic
451 1073 525 1116 eum
548 1056 735 1138 exercitum,
757 1073 852 1138 quem
879 1055 1017 1140 accepit,
1039 1055 1160 1117 amisit.
1204 1050 1256 1115 Ut
1279 1049 1391 1132 igitur

176 1156 357 1222 Catilinam
383 1157 557 1240 diligentia
583 1177 668 1242 mea,
691 1167 823 1222 senatus
846 1159 1053 1242 auctoritate,
1076 1165 1184 1220 vestro
1209 1153 1321 1218 studio
1350 1159 1390 1212 et

178 1261 296 1324 virtute
326 1259 480 1344 fregistis,
509 1262 557 1324 sic
583 1261 720 1325 Antonii
751 1261 909 1325 netarium
937 1261 1143 1324 latrocinium
1170 1267 1277 1322 vestra
1305 1273 1388 1319 cum

134 1387 165 1424 ιο
177 1373 291 1428 senatu
305 1364 476 1429 concordia
490 1373 595 1449 tanta,
608 1373 730 1448 quanta
750 1383 924 1448 numquam
940 1365 1014 1448 fuit,
1029 1364 1189 1428 felicitate
1207 1371 1241 1425 et
1254 1363 1387 1423 virtute

177 1469 373 1532 exercituum
388 1467 565 1552 ducumque
576 1478 753 1532 vestrorum
769 1470 858 1532 brevi
869 1478 1014 1552 tempore
1028 1485 1212 1553 oppressum
1226 1464 1385 1527 audietis.

178 1570 346 1656 Equidem,
375 1581 531 1656 quantum
560 1592 645 1657 cura,
677 1571 795 1657 labore,
826 1571 963 1654 vigiliis,
992 1571 1196 1652 auctoritate,
1224 1565 1385 1647 consilio,
1399 1572 1437 1619 1⁰

179 1677 242 1739 niti
258 1685 353 1759 atque
368 1674 492 1739 efficere
513 1686 635 1761 potero,
651 1676 733 1739 nihil
749 1677 1017 1760 praetermittam,
1031 1674 1114 1758 quod
1130 1673 1171 1736 ad
1192 1672 1386 1735 libertatem

178 1787 319 1842 vestram
348 1781 508 1864 pertinere
537 1779 737 1843 arbitrabor:
768 1798 871 1862 neque
900 1779 990 1842 enim
1020 1775 1053 1840 id
1079 1796 1137 1861 pro
1161 1776 1279 1838 vestris
1310 1793 1387 1836 am-

135 1900 164 1952 1⁵
179 1880 333 1965 plissimis
355 1882 391 1944 in
414 1899 466 1942 me
489 1879 655 1944 beneficiis
674 1882 746 1944 sine
763 1882 884 1944 scelere
898 1879 1004 1944 facere
1027 1897 1163 1964 possum.
1207 1876 1386 1941 Hodierno

177 1993 287 2048 autem
307 1983 360 2046 die
378 1985 517 2067 primum
538 1984 697 2047 referente
712 1985 783 2047 viro
799 1983 976 2048 fortissimo
996 1982 1149 2066 vobisque
1166 1982 1385 2063 amicissimo,

177 2087 238 2150 hoc
275 2085 324 2150 Μ.
360 2087 508 2170 Servilio,
538 2086 731 2171 collegisque
766 2087 848 2172 eius,
876 2087 1094 2150 ornatissimis
1123 2086 1214 2168 viris,
1242 2085 1384 2168 optimis

178 2190 315 2273 civibus,
331 2189 426 2274 longo
441 2191 613 2254 intervallo
628 2211 681 2254 me
701 2200 831 2254 auctore
846 2199 879 2254 et
897 2190 1043 2275 principe
1057 2187 1098 2252 ad
1113 2207 1203 2274 spem
1217 2187 1383 2251 libertatis

179 2312 363 2357 exarsimus.

215 2469 236 2505 1.
249 2457 317 2505 Cum
334 2456 430 2514 habet,
447 2462 486 2504 'at
497 2471 510 2503 a
522 2458 580 2504 time
591 2457 659 2504 when
675 2457 705 2504 he
720 2473 751 2505 no
802 2458 943 2519 completion
955 2457 983 2504 of
991 2456 1030 2505 the
1042 2457 1111 2504 effort
1121 2456 1214 2520 coming
1230 2456 1275 2504 last
1285 2455 1310 2502 iu
1321 2456 1379 2503 each

179 2522 259 2586 longer
276 2523 331 2570 has!
364 2522 424 2571 This
440 2523 459 2570 is
476 2523 518 2570 the
534 2523 633 2570 vatican
650 2523 751 2608 readinp.
802 2539 860 2570 case.

179 2589 752 2652 andseemstopointmorestronglytohntonys
837 2599 875 2648 15.
892 2588 957 2636 sine
985 2588 1102 2644 scelere.
1129 2586 1172 2636 &e
1202 2583 1377 2648 cp.6.6.17

179 2654 293 2716 outlswry
310 2653 366 2701 than
383 2654 424 2701 the
443 2668 552 2702 common
569 2655 663 2718 reading
682 2660 751 2701 ‘cum
802 2654 882 2712 ‘Quid
893 2653 955 2700 enim
966 2667 1014 2701 non
1025 2654 1099 2700 debeo
1110 2653 1183 2708 robis,
1191 2652 1301 2712 Quirites,
1308 2667 1376 2714 quern

179 2718 280 2775 habeat:
291 2719 471 2782 ‘saingdmbe
479 2720 522 2768 has
533 2735 594 2768 none
601 2721 630 2767 of
637 2719 672 2766 his
682 2719 751 2766 own!
803 2734 844 2766 ros
856 2735 869 2766 a
881 2734 905 2766 se
916 2729 993 2766 ortum
1004 2718 1137 2766 hominibus
1146 2717 1292 2766 nobilissimis
1303 2718 1377 2764 onmi-

211 2785 321 2847 4.Cnm
343 2785 487 2847 Spartaco.
520 2784 725 2846 Seeon3.8.21.
803 2784 984 2832 bushonoribns
997 2783 1164 2846 praetulistisl'

212 2862 236 2913 5.
253 2851 381 2899 Gloriari
403 2853 485 2900 solet.
519 2851 555 2898 Ol
574 2851 672 2898 tbiswe
694 2850 754 2898 here
838 2858 876 2912 17.
895 2850 1075 2897 M.Servilio.
1105 2848 1376 2896 Seetbeiutrodnction

178 2917 301 2964 norerord
313 2915 442 2964 elsewhere.
477 2916 597 2964 Manutius
610 2915 690 2963 thinks
702 2915 753 2963 that
803 2924 829 2963 to
840 2915 887 2963 this
898 2916 996 2962 oration.
1030 2914 1375 2975 llewassimilerlyintroduced

178 2983 197 3030 it
209 2983 320 3044 isapnre
331 2981 450 3029 inverrtion
462 2995 494 3028 on
510 2981 612 3042 thepart
628 2981 754 3033 oiCioero.
804 2991 830 3028 to
846 2980 886 3028 the
903 2981 1006 3045 meeting
1022 2981 1101 3028 before
1118 2979 1195 3026 which
1217 2979 1247 3026 he
1264 2979 1376 3027 delivered

178 3048 291 3111 probably
302 3057 328 3095 to
339 3061 398 3108 pave
410 3045 451 3092 the
467 3060 520 3107 way
531 3046 567 3093 lor
584 3045 619 3094 his
632 3047 717 3108 praises
728 3047 757 3094 ol
804 3045 844 3092 the
857 3045 919 3094 sixtb
936 3047 1027 3094 oration
1039 3046 1071 3108 by
1082 3044 1108 3093 Ρ.
1119 3044 1236 3105 Apuleius,
1247 3045 1334 3092 tribune
1350 3046 1379 3092 ol

179 3113 279 3160 himself.
804 3112 845 3159 the
857 3126 985 3160 oommons.
1017 3107 1094 3158 See6.
1109 3125 1129 3165 r,
1143 3121 1164 3158 1.

215 3177 333 3238 13.Niti
359 3185 446 3237 atque
469 3176 599 3224 allicere.
640 3177 702 3225 lna.
716 3188 755 3232 10,
841 3177 877 3225 18.
895 3179 936 3224 Ad
964 3191 1039 3238 spem
1068 3175 1235 3223 exarsimus.
1279 3174 1373 3234 Jentaen

182 3254 221 3303 23,
243 3241 273 3289 he
292 3257 392 3290 reverses
414 3241 460 3289 this
479 3243 546 3289 order
567 3241 595 3289 ol'
614 3241 654 3289 the
671 3243 755 3298 words,
804 3242 931 3302 complains
942 3244 971 3290 ol
978 3241 1142 3306 thiearbeing
1158 3250 1199 3289 too
1216 3241 1374 3288 boldamera·

180 3307 590 3368 ‘qnantumlaeereenitiquepotni'
616 3308 641 3355 ll
646 3307 755 3355 however
805 3307 872 3369 phor.
906 3309 927 3356 lt
943 3307 962 3355 is
979 3317 1021 3355 not
1038 3307 1147 3354 however
1163 3321 1217 3369 easy
1233 3315 1259 3353 to
1276 3306 1373 3368 seevrhy

179 3371 266 3420 ‘eniti’
284 3386 362 3418 means
373 3379 398 3418 to
410 3374 526 3437 ‘struggle
538 3381 564 3420 to
579 3372 619 3420 the
633 3373 692 3427 end‚'
709 3375 754 3421 and
805 3371 835 3419 be
853 3373 934 3420 should
952 3382 994 3420 not
1012 3387 1052 3421 use
1066 3373 1107 3421 the
1122 3373 1253 3432 expression
1264 3373 1306 3418 'ad
1316 3379 1373 3432 apos

180 3451 207 3485 so
224 3442 265 3484 'to
274 3436 383 3492 acblere:
395 3436 435 3485 the
446 3453 528 3486 reason
540 3439 575 3486 lor
584 3438 624 3486 the
633 3437 755 3486 dillerenee
805 3439 927 3486 exardere'
938 3454 963 3486 as
974 3439 1025 3486 well
1042 3453 1067 3486 as
1084 3437 1214 3486 ‘exarsistis
1229 3437 1259 3485 ed
1270 3437 1372 3488 libertatis

180 3501 209 3550 ol
217 3503 284 3551 order
295 3503 313 3550 is
324 3511 442 3564 apparent,
453 3503 493 3551 the
511 3504 576 3551 word
592 3503 699 3568 marking
715 3502 755 3551 the
804 3506 972 3564 recuperandae
981 3503 1133 3566 eupiditatem'
1147 3515 1185 3552 11.
1199 3515 1221 3557 a,
1231 3515 1256 3564 3.
