2998 4706
116 273 147 328 st
165 270 274 318 15-19.
422 260 593 322 ORATIO
622 259 900 322 PHILIPPICA
936 258 1027 319 VIII.
1255 269 1317 339 203

114 439 227 504 pacem
250 419 412 484 vellete?
454 419 523 483 Res
544 421 677 504 geritur,
690 425 711 496 †
726 419 901 484 conductae
924 418 1030 482 lineae
1053 424 1139 499 sunt,
1161 423 1318 499 pugnatur

115 525 282 588 acerrime.
327 523 394 612 Qi
422 524 681 607 intercurrerent,
707 525 856 588 misimus
881 531 946 586 tres
973 521 1134 605 principes
1160 520 1317 582 civitatis.

116 628 189 692 Hos
203 629 413 711 contempsit,
428 629 553 712 reiecit,
569 627 750 711 repudiavit
765 626 948 689 Antonius:
969 634 1004 688 tu
1023 634 1134 690 tamen
1152 642 1319 707 permanes

63 743 102 788 18
116 733 399 796 constantissimus
414 731 562 796 defensor
577 731 726 795 Antonii.
771 729 813 792 Et
827 729 969 812 quidem,
984 747 1047 812 quo
1061 727 1176 791 melior
1190 736 1319 790 senator

116 835 274 914 videatur,
290 844 387 919 negat
402 855 435 898 se
457 835 508 898 illi
523 837 665 900 amicum
684 854 754 898 esse
771 833 904 896 debere:
926 852 1000 896 cum
1020 851 1078 895 suo
1098 850 1216 916 magno
1234 839 1344 894 essets

117 937 286 1021 beneficio,
301 939 431 1002 venisse
446 948 647 1002 cumcontra
662 958 706 1000 se.
750 936 833 1001 Vide
847 945 968 1020 quanta
981 937 1101 1000 caritas
1120 937 1165 999 sit
1179 935 1322 1020 patriae:

116 1060 191 1106 cum
218 1042 344 1104 homini
371 1043 415 1105 sit
442 1043 554 1127 iratus,
580 1052 690 1105 tamen
717 1043 762 1104 rei
788 1041 935 1126 publicae
960 1059 1055 1104 causa
1078 1037 1224 1104 defendit
1249 1038 1320 1103 An-

117 1148 256 1210 tonium.
1116 1129 1119 1134 ’

162 1248 231 1332 Ego
256 1233 302 1332 te,
328 1269 402 1312 cum
429 1251 464 1312 in
490 1248 715 1312 Massilienses
742 1258 810 1312 tam
839 1268 874 1312 es
904 1250 1046 1331 acerbus,
1072 1247 1130 1336 Q
1144 1247 1222 1330 Fufi,
1253 1266 1319 1312 non

116 1353 230 1416 animo
251 1371 353 1434 aequo
374 1351 480 1416 audio.
525 1352 698 1441 Qousque
720 1353 810 1416 enim
829 1351 1013 1416 Massiliam
1033 1352 1257 1434 oppugnabis?
1278 1371 1320 1414 ne
1335 1366 1366 1402 ¹0

117 1457 298 1540 triumphus
318 1456 448 1539 quidem
470 1455 568 1519 finem
590 1457 671 1520 facit
692 1456 794 1520 belli?
819 1475 992 1540 perquem
1014 1456 1081 1519 lata
1101 1465 1152 1518 est
1173 1455 1248 1520 urbs
1270 1473 1320 1536 ea,

117 1561 191 1624 sine
206 1579 268 1642 qua
287 1578 461 1643 numquam
477 1579 515 1622 ex
536 1560 745 1644 transalpinis
759 1560 909 1644 gentibus
929 1561 1065 1622 maiores
1087 1561 1188 1622 nostri
1207 1560 1321 1622 trium·
1378 1585 1380 1589 ’

118 1665 306 1748 piaverunt.
360 1664 435 1752 Qo
464 1662 594 1748 quidem
623 1673 767 1748 tempore
799 1664 930 1748 populus
957 1663 1124 1727 Romanus
1150 1663 1320 1748 ingemuit.

118 1769 324 1856 Qamquam
339 1769 483 1852 proprios
496 1767 621 1831 dolores
636 1787 763 1832 suarum
779 1787 882 1832 rerum
897 1753 1014 1832 omnes
1024 1769 1195 1852 habebant,
1210 1777 1321 1831 tamen

119 1875 213 1936 huius
238 1874 387 1937 civitatis
416 1872 622 1938 fidelissimae
651 1875 798 1938 miserias
828 1893 924 1938 nemo
954 1882 1022 1938 erat
1051 1875 1134 1937 civis
1159 1875 1216 1959 qui
1242 1893 1262 1936 a
1286 1893 1320 1936 se
1336 1887 1364 1937 ¹5

69 1984 105 2032 19
118 1975 242 2040 alienas
272 1977 486 2040 arbitraretur.
545 1977 666 2042 Caesar
693 1979 773 2061 ipse,
802 1978 858 2060 qui
888 1978 955 2041 illis
984 1977 1088 2041 frrerat
1116 1978 1322 2060 iratissimus,

118 2089 230 2145 mmen
267 2089 394 2165 propter
431 2081 627 2164 singularem
655 2082 725 2145 eius
759 2083 906 2148 civitatis
942 2085 1134 2166 gravitatem
1163 2092 1197 2146 et
1225 2081 1322 2145 fidem

118 2184 265 2277 quotidie
290 2184 412 2268 aliquid
436 2183 622 2248 iracundiae
645 2185 852 2249 remittebat:
881 2195 915 2250 te
938 2186 1027 2250 nulla
1052 2206 1109 2250 sua
1134 2187 1321 2250 calamitate

118 2289 240 2352 civitas
262 2291 379 2352 satiare
393 2297 462 2352 tam
476 2288 580 2352 fidelis
602 2291 733 2372 potest?
776 2288 899 2354 Rursus
914 2292 980 2353 iam
1001 2309 1053 2354 me
1075 2291 1171 2353 irasci
1190 2289 1322 2352 fortasse

120 2392 219 2457 dices.
265 2391 333 2477 Ego
358 2403 469 2456 autem
494 2395 566 2456 sine
594 2393 760 2457 iracundia
784 2393 858 2456 dico
882 2395 1005 2478 omnia,
1032 2413 1093 2457 nec
1119 2403 1230 2457 tamen
1251 2395 1368 2455 sine-20

159 2621 180 2657 1.
200 2609 312 2657 Lineae.
346 2607 404 2656 'l'his
421 2609 440 2655 is
459 2608 500 2656 the
518 2609 614 2673 reading
629 2608 653 2655 in
670 2609 700 2655 all
750 2608 790 2654 the
807 2607 957 2668 Transalpine
973 2608 1053 2656 Gauls.
1092 2607 1135 2668 Cp.
1153 2622 1195 2668 pro
1214 2606 1281 2655 Font.
1300 2618 1324 2669 5.

122 2675 163 2724 the
176 2675 249 2730 MSS..
261 2673 351 2738 though
368 2674 397 2720 its
414 2673 523 2738 meaning
540 2673 558 2721 is
575 2675 699 2729 uncertain.
753 2685 783 2734 13
795 2673 871 2722 ‘Urbs
878 2673 987 2728 Massilia,
996 2674 1174 2721 fortissimorum
1183 2673 1324 2721 fidelissimo·

123 2742 164 2789 the
174 2741 237 2788 word
248 2750 291 2786 not
307 2739 377 2803 being
393 2740 515 2787 elsewhere
526 2740 598 2787 found
611 2741 634 2787 in
645 2753 701 2786 con·
750 2753 846 2800 rumque
863 2739 984 2794 sociomm‚
998 2739 1037 2800 qui
1052 2739 1193 2787 Gallicorum
1211 2739 1323 2786 bellomm

122 2807 216 2854 necnon
235 2807 293 2852 with
311 2805 412 2867 military
430 2805 567 2866 operations.
605 2806 626 2852 lt
644 2820 700 2866 may
750 2804 849 2866 pericula
876 2805 962 2865 populo
984 2806 1093 2852 Romano
1117 2805 1188 2864 copiis
1212 2805 1325 2864 remisque

123 2870 221 2933 perhaps
234 2873 271 2926 be,
288 2869 335 2918 like
349 2887 391 2918 our
408 2871 493 2926 ‘lines’
507 2871 547 2918 the
562 2870 700 2919 entrenched
751 2871 939 2930 compensamnt’
980 2870 1006 2916 ln
1033 2884 1066 2933 49
1089 2871 1147 2918 Rc.
1166 2869 1267 2916 Massilia
1286 2871 1326 2916 de·

125 2937 225 2999 position
243 2936 272 2984 oi
285 2936 326 2984 the
342 2951 416 2998 army,
428 2936 484 2983 ‘the
499 2937 611 2999 opposing
627 2936 701 2984 forces
750 2935 825 2982 clared
843 2935 879 2983 l'or
897 2935 1008 2997 Pompey.
1026 2936 1072 2982 and
1090 2936 1158 2999 being
1177 2935 1274 2982 reduced
1293 2938 1326 2997 by

125 3019 164 3051 are
184 3003 275 3063 already
297 3003 320 3049 in
339 3002 399 3049 close
421 3001 529 3050 contact.'
562 3002 599 3048 All
615 3001 701 3048 editors
750 3002 835 3048 Caesar
846 3001 904 3049 at'ter
915 3017 928 3048 a
939 3001 1080 3048 determined
1091 3002 1218 3056 resistance.
1229 3015 1276 3049 was
1287 3002 1326 3049 de·

125 3067 206 3116 before
234 3068 304 3115 lialm
331 3067 391 3114 hare
418 3067 533 3122 ‘vineae’
561 3083 575 3115 a
607 3067 701 3130 reading
750 3067 830 3127 prired
841 3066 869 3112 ol'
882 3076 934 3127 part
945 3068 973 3114 of
984 3067 1013 3114 its
1024 3065 1132 3129 territory
1143 3067 1188 3114 and
1199 3067 1325 3132 privileges.

125 3132 203 3182 which
220 3133 265 3180 still
282 3134 358 3180 leaves
376 3148 390 3180 a
410 3133 522 3194 difficulty
538 3135 611 3180 about
630 3138 702 3180 ¹c0n·
750 3132 793 3192 Cp.
806 3130 852 3179 off.
866 3143 887 3180 a.
901 3145 923 3186 a,
937 3131 966 3178 18
983 3133 1086 3180 ‘Portari
1098 3133 1122 3180 in
1134 3131 1251 3192 triumpho
1263 3133 1327 3180 Mas·

126 3195 227 3254 ductae‚'
242 3197 333 3262 though
352 3199 371 3246 it
383 3211 439 3259 may
457 3200 485 3245 be
503 3198 560 3246 ‘the
578 3207 657 3258 system
676 3198 705 3245 of
751 3197 825 3244 sillam
836 3197 934 3244 vidimus
945 3207 968 3244 et
980 3213 1009 3244 ex
1020 3213 1047 3244 ea
1058 3200 1113 3246 urbe
1124 3198 1267 3258 triumphari,
1279 3199 1327 3246 sine

126 3265 249 3313 mantelets
266 3265 286 3311 is
302 3263 403 3328 brought
420 3265 510 3328 against
527 3263 567 3311 the
584 3265 653 3326 city?
664 3277 701 3324 cp.
751 3278 796 3324 qua
807 3277 934 3324 numquam
946 3263 1092 3324 Mperatores
1109 3264 1180 3310 nostri
1191 3279 1221 3310 ex
1231 3265 1328 3312 mamal-

126 3331 209 3394 Veget.
237 3331 265 3376 de
284 3331 321 3376 Re
349 3329 401 3377 Mil.
422 3349 445 3390 4.
471 3341 500 3392 15
523 3329 601 3376 ‘Cum
628 3331 702 3391 plures
752 3329 809 3388 pinis
820 3329 884 3376 bellis
901 3329 1084 3390 triumpharunt!
1118 3331 1140 3376 lt
1156 3345 1250 3390 appears
1266 3331 1326 3378 from

127 3395 233 3462 (vineae)
251 3396 326 3442 factae
343 3395 435 3450 fuerint.
453 3395 575 3459 iunguntur
597 3396 621 3442 in
642 3395 702 3442 ordi·
752 3395 802 3440 Ars.
821 3406 859 3453 14.
878 3405 916 3454 14,
933 3393 957 3449 6,
975 3396 1020 3442 and
1036 3396 1095 3443 Phil.
1114 3407 1152 3458 13.
1171 3407 1208 3457 15,
1227 3396 1327 3458 3111111

127 3477 189 3517 nean.
207 3462 249 3509 sub
264 3461 348 3522 quibus
364 3461 501 3508 subsidentes
517 3462 561 3508 tuti
578 3461 608 3508 ad
624 3461 703 3508 subru-
753 3459 810 3506 alter
827 3459 928 3508 Caesar's
945 3460 1014 3508 death
1030 3461 1071 3508 the
1093 3461 1218 3510 Massiliota
1237 3463 1327 3523 applied

127 3529 187 3575 enda
198 3541 317 3574 murorum
329 3535 450 3587 penetrant
461 3527 627 3574 fundamenta!
753 3525 789 3572 lor
800 3526 929 3573 restitution
941 3526 969 3572 ol
977 3526 1036 3574 their
1046 3527 1111 3574 lands
1122 3527 1167 3574 and
1178 3527 1258 3592 rights.

163 3605 185 3642 a.
214 3593 267 3653 Qsl
305 3594 527 3646 intercurrerent,
555 3598 599 3638 ‘to
626 3591 704 3638 throw
789 3603 825 3640 11.
845 3591 911 3639 Lata
929 3593 1326 3657 est.·msMeineffigy;’ep.

128 3658 263 3706 themselves
275 3659 379 3705 between
390 3657 431 3706 the
447 3657 588 3720 contending
603 3657 702 3717 parties.¹
754 3657 835 3716 Quint.
847 3654 870 3706 6.
883 3670 905 3720 3,
921 3655 950 3705 61
970 3657 1044 3705 ‘Cum
1061 3657 1084 3704 in
1100 3657 1215 3718 triumpho
1226 3660 1329 3707 Caesaris

162 3737 185 3785 5.
205 3725 272 3772 Cum
297 3739 352 3780 suo.
374 3721 425 3778 irc..
442 3725 553 3785 ‘Antony
569 3723 615 3770 had
631 3721 703 3770 taken
753 3723 836 3770 eborea
847 3721 930 3782 oppida
942 3733 1015 3770 essent
1026 3724 1150 3771 translata!

128 3799 180 3852 part
192 3790 282 3852 against
298 3788 355 3844 him,
372 3788 462 3853 though
478 3789 550 3836 under
566 3797 630 3852 great
647 3788 704 3835 obli·
790 3786 826 3835 18.
845 3788 957 3849 Aliquid
977 3789 1144 3845 remittebat,
1160 3803 1191 3836 sc.
1208 3805 1271 3854 grew
1287 3790 1330 3839 less

128 3855 221 3920 gations
234 3863 260 3902 to
274 3853 338 3901 him.¹
374 3854 493 3903 Manutius
508 3868 625 3914 compares
639 3852 704 3900 Fam.
754 3853 800 3900 and
816 3853 858 3916 less
873 3852 998 3912 displeased
1013 3853 1071 3900 with
1088 3855 1107 3900 it
1123 3869 1193 3916 every
1204 3856 1257 3919 day.
1292 3858 1330 3903 ‘lt

131 3930 153 3984 7,
174 3931 214 3980 3ο,
235 3932 250 3981 3
275 3919 383 3974 ‘Acilius
405 3920 488 3982 quiin
510 3920 633 3968 Graeciam
651 3933 704 3966 cnm
754 3918 860 3966 retained
871 3918 900 3966 its
913 3918 1015 3966 ireedom
1027 3920 1071 3966 and
1083 3919 1112 3966 its
1124 3921 1269 3983 mtionality,
1286 3923 1330 3970 and

129 3986 257 4050 legionibus
268 3985 348 4032 missus
359 3993 401 4042 est,
412 3986 516 4032 maximo
527 3999 581 4032 meo
593 3984 705 4032 beneficio
755 3983 885 4039 continued,
903 3983 992 4048 though
1009 3984 1066 4032 with
1083 3985 1219 4034 diminished
1236 4002 1331 4049 propor-

129 4053 179 4100 est’
213 4050 266 4098 The
276 4053 433 4098 construction
449 4065 523 4098 seenu
541 4049 640 4098 akin‘to
654 4048 705 4097 that
755 4050 990 4097 tionsinamaterial
1001 4050 1067 4110 point
1078 4051 1175 4108 olview.
1187 4054 1331 4100 tobeintel·

130 4115 208 4165 nithe
219 4117 354 4176 descriptise
365 4116 473 4164 ablative.
755 4115 861 4176 lectually
872 4114 913 4162 the
920 4123 998 4163 centre
1006 4117 1034 4163 ol
1042 4117 1331 4165 llelleniccnltureinthst

163 4195 188 4246 9.
207 4182 405 4230 Massilienses.
447 4181 499 4229 The
522 4181 646 4242 friendship
667 4182 706 4228 be·
756 4180 841 4228 distant
850 4174 924 4228 Celtic
934 4181 1113 4244 countrywhich
1125 4191 1149 4230 at
1157 4183 1331 4244 thisverytime

131 4257 207 4296 tween
223 4247 325 4295 Massilia
343 4247 388 4294 and
407 4247 485 4295 Rome
503 4247 572 4296 dated
588 4248 648 4295 from
665 4247 706 4294 the
756 4261 802 4294 was
819 4247 932 4311 attaining
946 4262 960 4294 a
977 4261 1028 4294 new
1042 4247 1158 4295 historica!
1172 4247 1332 4312 significance!

130 4313 215 4362 soeond
233 4314 305 4364 Punic
320 4327 376 4369 war.
391 4313 437 4360 and
456 4313 496 4362 the
517 4313 643 4361 Massiliots
659 4312 706 4360 had
756 4313 911 4375 (Mommsen,
919 4313 978 4360 illst.
985 4313 1014 4360 oi
1017 4314 1101 4368 Rome,
1109 4313 1166 4376 Eng.
1174 4313 1215 4360 Tr.
1224 4329 1246 4370 4.
1255 4314 1323 4376 390.)

111 4381 217 4441 ‘always
228 4379 295 4444 sided
312 4380 388 4426 Rome
403 4379 426 4428 in
437 4379 467 4427 all
482 4379 523 4426 her
538 4387 638 4428 contests
649 4377 705 4426 with
791 4391 828 4426 ao.
848 4379 917 4428 Dico
936 4379 1037 4426 omnia.
1071 4378 1102 4426 So
1116 4378 1156 4426 the
1167 4377 1263 4426 Vatican
1281 4379 1332 4428 MS.
