2868 4700
183 226 226 290 40
522 212 572 273 M.
604 212 766 274 TULLII
793 211 1047 274 CICERONIS
1242 243 1287 283 nn
1300 229 1406 282 Η,

183 371 365 434 communis
379 371 516 456 ignarus.
560 372 645 459 Qis
664 373 754 435 enim
774 391 936 456 umquam,
951 372 1005 456 qui
1021 370 1150 456 paulum
1169 371 1265 436 modo
1285 372 1406 434 bono-¹

183 493 253 536 mm
265 475 530 538 consuetudinem
543 484 662 559 nosset,
672 475 796 540 litteras
810 476 895 540 adse
904 477 945 539 ab
956 477 1063 540 amico
1074 477 1188 539 missas
1199 475 1400 539 offensione

183 577 291 660 aliqua
305 579 496 662 interposita
510 581 546 641 in
569 579 712 644 medium
732 580 866 664 protulit
886 581 1053 665 palamque
1076 581 1250 644 recitavit?
1296 579 1401 665 Qid

184 691 234 744 est
256 682 344 745 aliud
366 683 478 745 tollere
497 702 537 746 ex
560 685 629 747 vita
648 685 736 747 vitae
760 685 962 767 societatem,
985 684 1097 747 tollere
1119 685 1299 746 amiconrm
1323 683 1402 745 col-

155 787 291 869 sloquia
320 788 524 850 absentium?
579 788 687 874 Qam
711 787 813 851 multa
839 788 912 852 ioca
940 788 1046 851 solent
1070 807 1140 852 esse
1167 789 1203 851 in
1226 787 1400 871 epistolis,

183 909 264 972 quae
286 890 409 974 prolata
430 891 459 954 si
481 893 560 974 sint,
583 893 694 974 inepta
715 891 903 956 videantur!
924 911 1020 974 quam
1042 891 1145 983 multa
1165 892 1261 974 seria,
1283 909 1399 974 neque

184 1001 295 1056 tamen
318 995 383 1056 ullo
403 994 499 1058 modo
519 994 727 1078 divulganda!
770 979 896 1059 Sit'boc
918 995 1184 1060 inhumanitatis:
1208 995 1398 1058 stultitiam

186 1096 409 1160 incredibilem
443 1097 560 1161 videte.
619 1098 708 1186 Qid
745 1098 843 1162 babes
869 1089 959 1182 quod*
982 1099 1063 1162 mihi
1099 1117 1254 1183 opponas,
1288 1098 1398 1160 bomo

184 1201 317 1284 diserte,
329 1210 365 1264 ut
380 1201 498 1264 Tironi
514 1211 547 1264 et
559 1199 720 1265 Mustelae
739 1203 804 1265 iam
826 1221 895 1265 esse
910 1202 1051 1266 videris?
1073 1203 1128 1285 qui
1148 1221 1221 1264 cum
1239 1203 1301 1264 hoc
1318 1203 1397 1284 ipso

142 1327 172 1362 ιο
184 1313 329 1389 tempore
355 1313 444 1367 stent
467 1324 543 1368 cum
564 1304 680 1388 gladiis
705 1306 741 1368 in
765 1313 938 1390 conspectu
961 1315 1104 1389 senatus,
1128 1325 1188 1390 ego
1204 1325 1332 1388 quoque
1357 1313 1396 1366 te

184 1411 339 1473 disertum
366 1411 495 1493 putabo,
518 1411 546 1472 si
571 1409 760 1493 ostenderis,
784 1428 847 1493 quo
869 1410 966 1474 modo
991 1411 1037 1474 sis
1063 1429 1119 1472 eos
1143 1411 1229 1472 iuter
1251 1410 1394 1472 sicarios

184 1513 369 1576 defensurus
379 1512 486 1576 :-sed
506 1511 582 1594 quid
602 1531 745 1597 opponas
763 1512 905 1596 tandem,
921 1515 948 1576 si
968 1532 1084 1597 negem
1103 1531 1155 1576 me
1174 1531 1329 1595 umquam
1347 1513 1392 1574 ad

183 1625 217 1678 te
245 1618 323 1679 istas
349 1617 473 1679 litteras
497 1617 647 1679 misisse?
700 1616 775 1702 Qo
800 1635 853 1678 me
877 1624 963 1680 teste
987 1615 1184 1680 convincas?
1213 1634 1256 1678 an
1281 1615 1393 1678 chiro-

98 1715 108 1794 ἶ
184 1719 324 1804 grapho?
348 1720 466 1801 inquo
482 1719 579 1782 habes
598 1720 772 1782 scientiam
793 1727 1026 1802 quaestuosam.
1070 1719 1138 1805 Qi
1161 1719 1287 1803 possis?
1311 1729 1391 1781 sunt

96 1821 99 1844 ¹
141 1838 170 1888 ¹⁵
186 1824 275 1884 enim
301 1821 423 1884 librarii
451 1840 557 1884 manu.
611 1820 682 1885 Iam
712 1821 843 1885 invideo
869 1824 1022 1906 magistro
1046 1831 1115 1906 tuo,
1144 1822 1199 1904 qui
1229 1829 1262 1884 te
1291 1829 1390 1884 tanta

185 1925 342 2008 mercede,
371 1933 525 2007 quantam
558 1926 624 1988 iarn
660 1926 829 2010 proferam,
858 1927 939 1990 nihil
968 1946 1079 2010 sapere
1112 1926 1235 1990 doceat.
1294 1925 1406 2012 Qidt

185 2031 275 2091 enim
294 2036 343 2091 est
362 2029 468 2091 minus
489 2047 556 2091 non
573 2029 647 2093 dico
664 2031 811 2112 oratoris,
829 2028 885 2092 sed
905 2030 1059 2113 hominis,
1073 2048 1169 2112 quam
1190 2029 1224 2092 id
1241 2030 1388 2094 obiicere

185 2131 378 2216 adversario,
405 2132 489 2214 quod
523 2132 577 2194 ille
608 2135 637 2196 si
673 2133 769 2196 verbo
802 2135 938 2218 negarit,
973 2133 1099 2218 longius
1135 2134 1280 2218 progredi
1317 2153 1386 2196 non

186 2237 287 2320 possit
323 2237 378 2318 qui
411 2235 592 2299 obiecerit?
646 2236 692 2299 At
721 2255 780 2320 ego
810 2256 876 2300 non
906 2257 1000 2321 nego,
1029 2248 1124 2320 teque
1154 2238 1190 2298 in
1220 2239 1284 2300 isto
1314 2239 1388 2320 ipso

76 2327 82 2340 ⁸
143 2367 174 2402 ro
186 2340 346 2402 convinco
368 2357 433 2400 non
452 2339 701 2402 inhumanitatis
723 2339 838 2423 solum,
862 2339 918 2404 sed
943 2342 1045 2404 etiam
1070 2341 1244 2403 amentiae.
1288 2340 1387 2428 Qod

185 2444 275 2506 enim
298 2443 430 2505 verbum
454 2443 578 2504 inistis
597 2442 714 2506 litteris
733 2451 864 2506 estnon
886 2444 1016 2528 plenum
1035 2444 1258 2527 humanitatis,
1273 2443 1386 2528 officii,

185 2546 456 2610 benevolentiae?
499 2545 609 2608 Omne
636 2554 746 2610 autem
771 2547 897 2609 crimen
923 2557 1014 2610 tuum
1038 2559 1099 2632 est,
1123 2549 1207 2631 quod
1227 2548 1267 2612 de
1289 2557 1323 2611 te
1347 2550 1385 2610 in

185 2649 235 2712 his
265 2650 382 2713 litteris
411 2668 477 2712 non
504 2649 588 2712 male
614 2651 810 2733 existimem,
831 2651 915 2734 quod
944 2652 1124 2715 scribebam
1152 2661 1316 2735 tamquam
1342 2652 1384 2714 ad

185 2875 225 2924 the
237 2873 311 2923 oratio
322 2876 423 2937 obliqua.
434 2875 524 2940 though
537 2875 644 2939 irregular
655 2875 678 2922 in
691 2875 759 2932 itsels,
809 2886 842 2940 90
859 2874 980 2922 ‘Sexcenti
999 2884 1059 2930 sunt.
1076 2877 1115 2936 qui
1132 2876 1191 2924 inter
1206 2875 1296 2924 sicarios
1312 2883 1336 2924 et
1353 2877 1383 2923 de

184 2941 203 2989 is
215 2949 257 2988 not
268 2955 408 2988 uncommon
426 2941 450 2986 in
463 2941 553 2988 Cicero.
586 2942 629 3000 Cp.
643 2956 663 2987 c.
677 2952 715 3002 24,
725 2938 759 2989 60
810 2940 924 2988 beneficiis
936 2943 1072 2988 accusabant
1081 2940 1095 2997 ς’
1113 2941 1163 2990 Fin.
1177 2955 1199 2991 a.
1214 2940 1252 2997 16,
1265 2953 1296 3004 54
1307 2943 1382 2989 ‘Cum

186 3005 273 3066 ‘Quod
290 3021 340 3052 eam
359 3021 371 3052 a
389 3019 427 3052 me
446 3016 560 3052 servatam
576 3021 625 3052 esse
642 3007 759 3053 meminis·
808 3016 900 3066 praetor
927 3007 1085 3067 quaestionem
1114 3007 1173 3055 inter
1200 3008 1291 3055 sicarios
1318 3023 1383 3054 exer-

185 3080 236 3118 sent
245 3071 258 3118 :'
271 3071 316 3116 and
328 3085 364 3116 see
376 3071 456 3117 Madv.
469 3075 482 3128 ξ
494 3079 552 3132 357,
564 3071 613 3119 obs.
629 3083 651 3117 a.
808 3071 906 3120 suisset!

221 3147 243 3183 a.
260 3135 374 3190 Noster,
391 3135 431 3182 the
447 3135 596 3196 subjunctive.
612 3137 708 3182 because
719 3135 759 3184 the
844 3148 882 3199 14.
899 3137 1054 3185 Scientiam
1074 3146 1292 3200 quaestuosam:
1307 3153 1345 3186 see
1360 3154 1382 3188 c.

186 3201 262 3248 clause
282 3199 393 3247 describes
410 3215 423 3246 a
440 3200 562 3260 particular
577 3201 636 3248 class
655 3203 683 3248 oi
697 3215 759 3257 men,
810 3199 849 3263 38,
860 3211 901 3267 97.

186 3277 228 3314 not
240 3281 270 3313 an
281 3265 412 3312 individual.
845 3265 882 3316 16.
899 3267 980 3314 Nihil
998 3283 1106 3328 sapere,
1121 3273 1162 3315 ‘to
1173 3267 1203 3316 be
1215 3283 1228 3315 a
1240 3267 1302 3316 fooh'
1337 3269 1382 3330 Cp.

219 3344 243 3392 3.
261 3330 335 3390 Quid
354 3339 397 3378 est
415 3329 511 3378 aliud:
528 3345 565 3379 see
577 3347 608 3378 on
622 3345 643 3379 1.
655 3345 678 3396 9,
692 3344 730 3380 aa.
809 3345 829 3380 c.
845 3340 882 3394 ¹7·
896 3345 937 3396 43,
949 3333 1043 3381 whence
1054 3349 1090 3380 we
1105 3333 1167 3381 leam
1183 3334 1234 3381 that
1246 3334 1280 3381 his
1291 3335 1382 3381 tescher

221 3411 242 3458 7.
255 3395 486 3444 Inhumanitatis.
518 3395 587 3444 llalm
605 3398 660 3445 adds
676 3396 758 3452 ‘tuan'
808 3411 855 3444 was
862 3397 914 3446 Sex.
922 3398 1144 3455 Clodius,aSicilian
1151 3399 1378 3455 rhetorician.whom

185 3463 228 3511 but
239 3463 257 3510 it
269 3462 288 3509 is
304 3469 346 3508 not
357 3461 429 3508 {omrd
446 3461 470 3508 in
480 3461 520 3509 the
531 3461 629 3510 Vatican
643 3463 702 3518 MS..
712 3462 758 3509 and
807 3462 838 3510 he
849 3465 964 3511 rewarded
976 3465 1034 3512 with
1047 3477 1110 3512 2000
1119 3471 1126 3491 ¹
1134 3465 1223 3528 iugera'
1234 3466 1263 3512 ol
1271 3464 1382 3513 Leontine

185 3542 427 3588 seemsunnecessary.
460 3526 504 3574 ‘So
516 3527 585 3574 much
599 3543 629 3574 on
642 3527 682 3576 the
695 3543 758 3575 acore
808 3528 870 3576 land.

185 3595 214 3640 os
228 3595 251 3640 ill
268 3593 390 3656 breeding:
410 3607 462 3639 now
480 3607 517 3640 see
533 3593 573 3640 the
589 3593 759 3642 inconceirable
844 3604 881 3652 17.
899 3593 929 3640 Id
957 3593 1097 3651 obiicere,
1121 3595 1175 3649 ere..
1202 3601 1244 3643 ‘to
1266 3596 1330 3660 bring
1351 3611 1381 3644 an

186 3658 283 3721 lollyos
290 3659 330 3705 the
341 3659 493 3721 proceeding.’
809 3658 927 3718 obiection
947 3661 1036 3724 against
1056 3675 1086 3707 an
1109 3669 1235 3722 opponent,
1254 3661 1328 3708 which
1347 3677 1381 3708 re·

219 3723 406 3788 9.Tironiet
427 3724 577 3772 Mustelae.
614 3723 692 3772 These
705 3739 758 3772 men
809 3725 884 3784 quires
907 3724 963 3787 only
983 3725 1018 3773 his
1040 3727 1094 3772 bare
1114 3725 1190 3773 denial
1210 3735 1236 3774 to
1254 3735 1304 3788 stop
1322 3742 1381 3788 pour

186 3807 224 3838 are
236 3791 299 3837 often
310 3789 443 3837 mentioned
459 3803 544 3854 among
555 3789 595 3838 the
611 3790 719 3838 satellites
735 3791 764 3838 os
810 3789 896 3836 further
907 3805 1012 3854 progress
1024 3791 1047 3837 in
1059 3791 1100 3838 the
1111 3789 1206 3840 attack.’

186 3853 759 3919 Antonych.8.9,26;12.16,14;13.a,3.
852 3867 890 3903 aa.
918 3856 1007 3904 omne
1038 3864 1132 3902 autern
1162 3867 1239 3904 tuum
1269 3857 1380 3910 crimen.

186 3921 239 3968 The
256 3921 324 3968 latter
335 3935 381 3966 was
397 3936 410 3967 a
428 3921 505 3968 native
520 3922 548 3967 os
556 3922 668 3986 Anagnia,
680 3921 726 3968 and
742 3921 760 3968 is
810 3919 864 3975 dte..
881 3920 938 3968 ‘the
953 3923 999 3969 sole
1017 3921 1083 3982 point
1099 3923 1128 3968 os
1142 3937 1201 3985 your
1216 3923 1342 3970 accusation
1361 3923 1379 3970 is

185 3987 260 4050 styled
282 3987 315 4048 by
331 3985 413 4033 Cicero
433 3987 577 4050 ‘gladiorum
599 3985 716 4048 princeps‚'
739 4001 759 4033 c.
809 3985 861 4032 that
882 3985 905 4032 in
925 3986 965 4034 the
985 3987 1033 4035 said
1054 3987 1121 4034 letter
1140 3987 1149 4034 1
1173 4001 1263 4049 express
1284 4002 1313 4034 uo
1335 3989 1378 4034 bad

186 4065 227 4115 41,
248 4047 307 4106 1063
330 4051 371 4098 but
389 4051 488 4116 nothing
505 4067 570 4098 more
588 4053 606 4099 is
627 4051 715 4100 known
735 4051 763 4099 ol
810 4051 906 4112 opinion
921 4052 949 4098 οἱ
961 4053 1024 4114 you.¹
1058 4053 1102 4113 Cp.
1119 4051 1195 4100 below
1212 4053 1378 4108 ‘existimtiol

185 4119 261 4166 either
272 4118 301 4165 os
308 4116 380 4164 them.
809 4116 867 4164 ‘the
877 4118 996 4178 sxprcaud
1005 4115 1115 4177 opinion.¹

221 4196 259 4231 ιι.
283 4184 359 4230 luter
386 4181 511 4234 sicarios,
535 4181 621 4229 'when
643 4182 701 4228 tried
724 4182 761 4229 ior
845 4193 882 4242 23.
900 4183 1081 4231 Scribebam:
1103 4196 1129 4229 so
1152 4179 1192 4229 the
1214 4182 1308 4230 Vatican
1330 4183 1378 4232 MS.

185 4247 292 4304 murder:
310 4247 344 4294 lit.
368 4246 453 4293 'when
471 4246 598 4294 numbered
620 4261 707 4310 among
725 4261 761 4294 as·
811 4246 880 4294 lialm
893 4247 1378 4312 followstheordinaryreading‘scrlbam‚'

186 4315 267 4362 sassins
286 4310 396 4360 sortrial.'
431 4312 474 4372 Cp.
491 4312 614 4372 proRosc.
631 4313 707 4358 Amer.
720 4323 759 4372 32.
809 4313 852 4360 but
871 4311 935 4359 there
947 4326 1019 4359 seems
1036 4320 1063 4358 to
1079 4312 1108 4360 be
1125 4327 1138 4358 a
1155 4314 1238 4374 special
1256 4327 1330 4362 reason
1344 4317 1377 4361 lor
