2998 4706
176 212 308 269 §tt-11.
472 203 644 266 ORATIO
663 206 950 268 ‘PHILIPPICA
985 205 1077 266 νιη.
1314 225 1375 290 ¹99

137 372 157 418 s
217 355 256 419 ln
282 359 341 423 hac
368 371 435 426 tam
461 363 580 448 dispari
605 367 731 429 ratione
758 365 833 428 belli
860 366 1073 428 miserrimum
1101 364 1177 428 illud
1204 375 1265 449 est,
1291 365 1374 448 quod

171 461 227 523 ille
250 461 426 528 latronibus
449 470 516 531 suis
540 469 704 552 pollicetur
729 472 868 554 primum
890 469 1022 552 domos;
1047 470 1156 532 urbem
1180 472 1270 532 enim
1291 469 1375 534 divi·

170 585 280 629 surum
294 587 329 631 se
344 570 527 636 confirmat:
550 572 666 636 deinde
681 575 831 637 omnibus
847 575 945 657 portis
960 592 1023 656 quo
1037 573 1141 636 velint
1156 572 1374 638 deducturum.

172 669 299 734 Omnes
322 671 477 758 Cafones,
501 695 614 739 omnes
639 677 740 742 Saxae
766 688 951 760 ceteraeque
976 687 1093 761 pestes,
1118 695 1199 759 quae
1226 687 1375 741 secuntur

171 773 366 860 Antonium,
396 779 491 842 aedes
524 782 586 844 sibi
616 783 766 865 optimas,
797 782 915 865 hortos,
941 781 1137 865 Tusculana,
1167 781 1295 845 Albana
1319 782 1402 849 ‹le-s

171 875 299 942 finiunt.
343 881 449 965 Atque
472 885 571 948 etiam
593 885 741 948 homines
767 895 919 969 agrestes,
940 887 969 949 si
996 885 1144 948 homines
1170 884 1219 947 illi
1243 905 1282 948 ac
1307 905 1374 950 non

171 982 307 1064 pecudes
322 986 440 1070 potius,
456 987 547 1050 inani
563 1007 619 1072 spe
634 987 673 1050 ad
689 1007 787 1071 aquas
809 1007 907 1071 usque
928 997 961 1051 et
980 987 1129 1053 Puteolos
1149 990 1373 1073 provehuntur.

172 1083 257 1168 Ergo
279 1086 374 1152 babet
389 1091 553 1155 Antonius
574 1092 658 1175 quod
681 1093 748 1155 suis
770 1091 974 1176 polliceattu:
997 1091 1074 1174 quid
1096 1088 1179 1157 nos?
1201 1092 1373 1176 numquid

171 1188 236 1252 tale
252 1191 427 1258 habemus?
467 1195 511 1259 Di
528 1196 677 1260 meliora!
701 1195 734 1258 id
753 1197 843 1258 enim
859 1197 963 1278 ipsum
982 1197 1117 1278 agimus,
1133 1215 1175 1257 ne
1194 1198 1266 1278 quis
1287 1207 1373 1280 post·

172 1293 232 1356 hac
257 1295 429 1378 quidquam
455 1300 524 1361 eius
551 1299 638 1363 modi
664 1301 766 1383 possit
789 1298 941 1382 polliceri.
986 1297 1112 1362 Invitus
1139 1299 1223 1383 dicu,
1247 1300 1420 1364 seddi-10

170 1397 309 1461 cendum
332 1409 392 1462 est.
436 1400 543 1465 Hasta
567 1401 729 1485 Caesaris,
752 1411 857 1486 patres
880 1403 1066 1486 conscripti,
1088 1401 1197 1466 multis
1220 1405 1374 1487 improbis

171 1510 205 1564 et
231 1520 321 1584 spem
346 1502 439 1567 affert
465 1515 498 1568 et
528 1505 705 1569 audaciam.
760 1503 917 1568 Viderunt
942 1507 1032 1568 enim
1057 1525 1096 1568 ex
1122 1507 1281 1570 mendicis
1306 1506 1372 1571 fieri

172 1615 302 1689 repente
331 1606 472 1672 divites:
507 1611 614 1692 itaque
644 1627 769 1693 semper
797 1609 923 1672 hastam
952 1608 1060 1671 videre
1089 1611 1222 1694 cupiunt
1252 1613 1289 1694 ii,
1318 1612 1373 1692 qui

70 1773 75 1782 ,
119 1725 157 1771 ιο
170 1712 290 1773 nostris
308 1711 402 1774 bonis
420 1714 607 1798 imminent,
621 1713 735 1795 quibus
754 1714 867 1786 omnia
886 1711 1052 1796 pollicetur
1067 1714 1240 1777 Antonius.
1285 1713 1373 1803 Qid

172 1815 255 1878 nos?
282 1817 401 1878 nostris
423 1817 615 1880 exercitibus
636 1816 712 1899 quid
735 1816 944 1900 pollicemur?
987 1815 1095 1880 Multo
1118 1817 1252 1881 meliora
1278 1826 1373 1901 atque
1390 1831 1417 1888 ¹5

171 1919 303 1982 maiora.
356 1919 516 1984 Scelenrm
538 1922 629 1985 enim
652 1920 822 2004 promissio
850 1929 883 1983 et
913 1921 967 2005 iis,
992 1922 1047 2002 qui
1077 1931 1274 2006 exspectant,
1304 1941 1375 2006 per-

120 2051 124 2058 ·
172 2024 297 2086 niciosa
308 2033 357 2087 est
372 2033 405 2086 et
420 2025 473 2107 iis,
483 2026 539 2108 qui
551 2025 752 2108 promittunt.
786 2023 860 2088 Nos
872 2023 1054 2088 libertatem
1069 2029 1187 2089 nostris
1203 2027 1373 2110 militibus,

172 2126 269 2211 leges,
296 2129 376 2212 iura,
403 2128 534 2212 iudicia,
560 2129 729 2211 imperium
757 2129 844 2191 orbis
873 2138 986 2212 terrae,
1015 2128 1220 2212 dignitatem,
1249 2149 1373 2214 pacem,

171 2233 276 2294 otium
300 2232 493 2315 pollicemur.
537 2232 677 2295 Antonii
702 2233 799 2315 igitur
824 2233 980 2315 promissa
1005 2241 1148 2316 cruenta,
1170 2242 1285 2318 taetra,
1305 2254 1374 2297 sce·

171 2335 283 2419 lerata,
294 2336 344 2399 dis
360 2336 605 2419 hominibusque
620 2336 739 2419 invisa,
755 2355 815 2398 nec
829 2334 979 2398 diuturna
995 2354 1055 2399 nec
1070 2336 1240 2401 salutaria:
1264 2349 1374 2402 nostra
1386 2363 1418 2399 ιο

172 2449 285 2503 contra
299 2441 444 2523 honesta,
459 2441 597 2524 integra,
612 2438 761 2524 gloriosa,
776 2438 871 2524 plena
886 2439 1043 2523 laetitiae,
1058 2440 1153 2524 plena
1167 2443 1308 2524 pietatis.

125 2528 160 2676 ἓ
216 2541 283 2608 Hic
305 2545 386 2607 mihi
407 2546 507 2607 etiam
522 2543 703 2632 QFufius,
718 2545 768 2606 vir
781 2543 874 2607 fortis
894 2563 932 2606 ac
954 2553 1113 2627 strenuus,
1128 2546 1251 2608 amicus
1271 2564 1373 2627 meus,

207 2792 347 2840 1.1nhac
370 2801 425 2840 tam
449 2792 551 2853 dispari
576 2792 692 2846 ratione.
710 2791 749 2838 ‘in
799 2805 868 2852 aquas
888 2791 1016 2840 venissent'
1061 2792 1130 2839 From
1156 2792 1206 2840 Att.
1231 2805 1253 2841 1.
1280 2789 1318 2849 16,
1343 2805 1374 2841 10

172 2857 212 2905 the
223 2859 293 2905 midst
304 2859 332 2904 ol
340 2857 380 2904 the
395 2871 443 2904 war
453 2857 505 2904 that
519 2857 572 2904 calls
586 2857 648 2903 forth
662 2857 718 2904 such
735 2873 748 2904 a
799 2857 887 2917 ‘Quid
906 2857 988 2918 inquit,
1006 2857 1096 2905 homini
1112 2857 1216 2919 Arpinati
1236 2871 1288 2905 cum
1309 2859 1374 2920 aquis

171 2923 259 2984 paint'ul
270 2919 387 2971 contrast'
798 2922 892 2978 elidis:
903 2937 939 2970 we
947 2937 1002 2984 rnay
1011 2923 1093 2987 gether
1102 2923 1177 2970 thatit
1185 2937 1232 2970 was
1242 2923 1374 2970 considered

206 3001 228 3051 3.
247 2991 439 3043 Deductnrum.
459 2987 512 3044 uc..
532 2988 595 3035 'will
616 2988 667 3035 lead
685 2987 749 3036 them
799 2989 956 3049 ptemmption
967 2988 1003 3036 lor
1014 3005 1060 3051 any
1069 3004 1113 3036 one
1125 2997 1167 3036 not
1178 2989 1202 3035 in
1214 2990 1275 3053 good
1286 2990 1374 3051 society

173 3054 235 3102 forth
246 3063 272 3100 to
283 3054 343 3101 seiae
354 3069 416 3116 upon
427 3053 490 3100 what
501 3053 565 3100 landa
575 3054 633 3116 they
643 3054 705 3101 viu:
799 3061 825 3100 at
835 3054 913 3100 Rome
921 3060 948 3100 to
956 3067 987 3117 go
996 3063 1022 3106 to
1039 3069 1065 3102 so
1075 3053 1218 3102 iashionable
1228 3069 1241 3102 a
1252 3055 1374 3120 watering·

205 3135 228 3182 4.
247 3121 376 3169 Cafones.
409 3119 469 3166 caso
484 3134 532 3166 was
548 3134 593 3167 one
610 3120 639 3167 os
648 3120 750 3169 Caesar's
799 3119 863 3180 place
873 3134 898 3166 as
910 3119 986 3166 Baiae.

172 3193 340 3248 veternosus.
359 3195 382 3247 5,
401 3183 451 3244 ra),
468 3185 514 3232 and
531 3185 549 3232 is
566 3185 695 3248 frequently
711 3187 750 3234 de·
832 3197 856 3248 9.
876 3185 910 3232 Di
931 3185 1056 3233 meliora.
1097 3185 1140 3246 Cp.
1158 3185 1188 3231 de
1206 3183 1258 3232 Seu.
1282 3197 1320 3248 14.
1341 3193 1373 3250 47

172 3250 277 3298 nounced
289 3251 320 3312 by
331 3251 414 3298 Cicero
425 3265 450 3297 as
463 3265 508 3298 one
520 3250 549 3296 oi
557 3252 671 3312 Antony's
683 3253 749 3299 tools.
800 3249 845 3296 ‘Di
863 3250 965 3304 meliora,
981 3247 1076 3312 inquit;'
1094 3251 1139 3298 and
1157 3249 1222 3314 Virg.
1235 3251 1265 3298 G.
1282 3263 1305 3311 3.
1325 3261 1373 3312 513

173 3316 216 3376 Cp.
228 3316 276 3363 also
291 3329 327 3363 10.
342 3328 380 3370 to,
394 3328 433 3364 aa.
800 3315 846 3362 ¹1>i
855 3317 949 3363 meliora
956 3317 1007 3376 piis,
1017 3331 1160 3377 erroremque
1167 3316 1271 3363 hostibus
1283 3316 1347 3363 illtun
1355 3316 1372 3364 l'

207 3381 292 3430 Saxae
333 3381 442 3429 Decidius
462 3381 520 3428 Saxa
537 3381 748 3442 wasaSpaniard.
835 3392 873 3428 11.
896 3382 979 3430 Hasta
1006 3383 1139 3436 Caesaris,
1160 3381 1199 3428 the
1221 3383 1325 3430 auctions
1347 3382 1377 3429 oi

172 3447 251 3494 whom
263 3447 346 3494 Caesar
360 3447 429 3494 made
441 3446 530 3494 tribune
541 3447 569 3493 ol
577 3445 618 3493 the
628 3459 749 3494 commorit
799 3445 937 3494 confiscated
948 3455 1063 3508 property,
1073 3447 1122 3494 sold
1133 3448 1165 3510 by
1175 3443 1277 3495 Caesar's
1289 3449 1373 3503 orders.

173 3513 197 3560 in
220 3529 250 3572 44
275 3513 334 3560 B.C.
353 3510 443 3576 though
466 3521 508 3558 not
534 3526 592 3559 even
619 3528 632 3559 a
655 3511 749 3559 Roman
799 3526 824 3560 aa
843 3513 867 3558 in
886 3513 928 3560 the
946 3527 998 3560 case
1019 3512 1048 3558 ol
1063 3511 1103 3559 the
1120 3520 1194 3560 estate
1215 3515 1242 3560 of
1262 3513 1373 3576 Pompey,

172 3579 264 3626 citizen.
298 3577 678 3641 (Cp.11.5‚1a;13.13,27.)
712 3577 749 3624 ile
799 3577 889 3642 bought
914 3578 945 3639 by
965 3580 1061 3640 Antony
1080 3577 1178 3626 himself.
1222 3577 1263 3625 See
1288 3591 1309 3624 a.
1332 3574 1372 3634 26,

110 3654 113 3660 ’
172 3644 333 3705 subsequently
346 3643 399 3690 held
416 3644 550 3690 commanda
565 3643 637 3690 nuder
652 3645 749 3705 Antony
799 3640 831 3703 64
843 3651 907 3691 note.

172 3709 217 3756 and
229 3710 370 3756 Octavianus
381 3708 405 3754 in
417 3707 457 3755 the
466 3708 526 3764 East.
535 3709 632 3756 butwas
643 3707 748 3756 defeated
835 3719 872 3769 15.
892 3708 1002 3769 Semper
1015 3708 1119 3756 hastam
1137 3743 1162 3756 ..
1175 3743 1181 3756 .
1194 3709 1315 3770 cupiunt.
1327 3706 1373 3756 dcc.

172 3775 217 3821 and
228 3774 299 3822 kdled
309 3776 341 3837 by
352 3774 518 3835 QLabienus.
530 3787 564 3834 4ο
574 3773 633 3821 B.C.
799 3773 917 3820 Manutius
930 3787 1048 3833 compares
1062 3773 1109 3821 Off.
1122 3787 1144 3820 a.
1156 3773 1179 3830 8,
1193 3785 1223 3836 ²9
1235 3773 1300 3821 ‘Nec
1318 3788 1373 3821 vero

205 3851 228 3902 5.
247 3841 411 3895 Tusculana.
434 3855 465 3887 sc.
489 3839 621 3899 'praedia;'
643 3853 679 3900 cp.
699 3841 749 3887 Att.
800 3853 910 3900 umquam
930 3839 1042 3886 bellorum
1056 3838 1157 3886 civilium
1176 3853 1253 3886 semen
1267 3849 1292 3886 et
1306 3853 1373 3886 causa

173 3915 195 3969 7.
207 3918 231 3968 5,
243 3917 257 3966 3
271 3905 338 3970 ‘Ego
354 3907 379 3952 in
390 3905 547 3952 Tusculanum
564 3904 621 3951 nihil
637 3919 690 3951 sane
705 3905 750 3952 hoc
800 3905 879 3959 deerit,
897 3905 953 3950 dum
972 3902 1078 3950 homines
1096 3905 1179 3964 perditi
1199 3905 1289 3951 hastam
1309 3905 1373 3951 illam

171 3980 277 4032 tempore
290 4006 297 4018 .
312 4007 318 4020 .
332 4005 339 4019 .
353 3971 397 4018 Sed
414 3971 443 4017 de
458 3969 583 4017 Formiano
599 3969 749 4018 Tarracinam
799 3977 952 4017 crumtam'et
963 3969 1109 4016 meminerint
1120 3977 1144 4016 et
1155 3971 1292 4030 sperabunt!

171 4037 229 4098 prid.
242 4037 295 4085 Kal.
307 4037 356 4084 lan.
389 4035 445 4083 lnde
461 4035 608 4096 Pomptinam
619 4049 748 4093 summsm;
835 4032 871 4084 16.
892 4034 1373 4096 Scelerumpromissi0‚·topromise

171 4103 224 4150 inde
235 4101 353 4150 Albanum
365 4100 484 4164 Pompeii!
798 4099 861 4148 what
870 4101 888 4147 ir
899 4099 1006 4148 wicked:

206 4176 228 4230 7.
247 4170 374 4217 Pecoder.
408 4167 450 4216 See
461 4181 492 4214 on
505 4178 527 4215 a.
540 4177 579 4223 ta,
591 4177 631 4228 30.
833 4177 871 4214 21.
890 4167 1009 4230 Integra,
1025 4167 1126 4228 opposed
1139 4173 1165 4212 to
1176 4163 1279 4220 ‘taetra'
1291 4163 1374 4214 ‘with-

206 4235 246 4281 Ad
288 4248 389 4296 aquas:
431 4242 458 4281 to
491 4233 570 4280 Baiae.
630 4231 673 4293 Cp.
707 4245 750 4292 pro
798 4239 840 4278 out
851 4233 910 4279 taint
921 4232 1039 4279 oicrime.'

171 4297 249 4348 Plane.
264 4308 304 4362 η.
315 4297 419 4361 65⁸Me
434 4314 504 4347 unum
520 4313 549 4346 ex
565 4299 592 4348 iis
604 4298 656 4358 leci,
668 4296 706 4359 qui
719 4298 748 4344 ad
833 4309 872 4346 aa.
890 4298 928 4358 Q.
945 4297 1053 4346 Fufius:
1076 4296 1189 4350 caleam
1212 4309 1293 4342 sceorr
1311 4307 1333 4356 5.
1350 4309 1372 4353 r,

1335 4579 1454 4628 Ᾰ
