2998 4706
177 243 239 310 272
515 231 564 290 M.
598 229 756 290 TULLII
784 227 1038 290 CICERONIS
1233 259 1281 300 ω,
1294 247 1383 299 3-5,

1484 267 1487 306 i

175 388 341 453 redeamus
378 390 414 452 in
445 389 540 452 viam.
596 389 749 473 Optimus
785 399 834 453 est
871 399 979 472 portus
1016 389 1197 472 paenitenti
1236 390 1382 452 mutatio

175 493 316 558 consilii.
360 492 449 580 Qid
470 495 560 556 enim
583 501 700 576 potest,
724 511 780 576 per
801 492 877 556 deos
903 493 1121 558 immortales!
1152 495 1199 556 rei
1229 493 1382 576 publicae

176 595 322 680 prodesse
345 605 453 660 nostra
476 597 618 680 legatio?
644 596 791 680 prodesse
813 595 909 660 dico?
935 597 1024 680 quid,
1049 598 1077 660 si
1100 598 1201 660 etiam
1227 597 1382 659 obfutura
1486 623 1487 634 κ

175 701 248 764 est?
268 700 437 764 obfutura?
458 699 547 784 quid,
568 701 596 762 si
616 701 682 762 iam
707 701 818 764 nocuit
841 709 937 784 atque
961 701 1090 765 oblinit?
1135 701 1189 764 An
1213 719 1274 763 vos
1291 719 1382 763 aoer-
1482 639 1487 772 l

147 823 162 874 s
176 805 292 868 rimam
308 804 398 866 illam
413 814 446 866 et
461 804 671 866 fortissimam
687 803 794 888 populi
807 802 951 867 Romani
967 805 1126 868 libertatis
1142 803 1382 888 recuperandae
1485 811 1487 916 p

175 907 388 990 cupiditatem
423 926 488 969 non
524 909 731 970 imminutam
760 927 798 972 ac
826 907 1029 971 debilitatam
1059 909 1179 992 putatis
1213 908 1383 990 legatione

175 1012 264 1094 pacis
292 1009 428 1073 audita?
476 1008 563 1096 Qid
594 1011 774 1095 municipia
799 1012 963 1075 censetis?
996 1013 1073 1094 quid
1098 1011 1271 1076 colonias?
1300 1011 1383 1094 quid

175 1123 325 1178 cunctam
350 1111 505 1177 Italiam?
534 1113 672 1177 futuram
697 1115 811 1179 eodem
835 1114 954 1200 studio,
977 1135 1041 1198 quo
1064 1123 1177 1178 contra
1203 1133 1383 1178 commune

177 1218 363 1282 incendium
389 1218 576 1280 exarserat?
620 1218 674 1280 Au
701 1237 767 1281 uon
793 1227 941 1302 ptrtamus
966 1219 1037 1281 fore
1063 1229 1098 1282 ut
1124 1219 1381 1302 eospaeniteat

133 1349 165 1387 re
176 1321 334 1407 professos
349 1341 418 1385 esse
433 1330 467 1384 et
487 1340 562 1404 prae
575 1339 611 1383 se
626 1320 738 1384 tulisse
756 1319 867 1384 odium
888 1323 924 1384 in
939 1323 1134 1406 Antonium,
1148 1323 1203 1404 qui
1224 1323 1381 1404 pecunias

176 1425 314 1510 polliciti
344 1433 431 1508 sunt,
456 1425 512 1507 qui
538 1441 637 1506 arma,
663 1425 718 1506 qui
745 1443 780 1487 se
806 1433 892 1488 totos
922 1435 955 1488 et
981 1426 1102 1488 animis
1132 1434 1166 1487 et
1191 1425 1382 1507 corporibus

177 1532 212 1593 in
232 1531 369 1595 salutern
384 1530 429 1592 rei
451 1529 596 1613 publicae
616 1528 844 1592 contulerunt?
889 1529 996 1616 Qm
1016 1527 1056 1590 ad
1078 1527 1208 1590 modum
1229 1537 1382 1590 nostrum

176 1635 236 1698 hoc
257 1634 429 1698 consilium
445 1631 558 1716 Capua
578 1631 736 1716 probabit,
753 1651 833 1714 quae
856 1632 1053 1715 temporibus
1073 1631 1124 1694 his
1144 1629 1253 1693 Roma
1275 1631 1382 1694 altera

177 1737 254 1800 est?
313 1733 373 1799 Illa
402 1736 519 1819 impios
549 1737 637 1799 cives
674 1733 842 1819 iudicavit,
872 1737 982 1819 eiecit,
1013 1735 1157 1798 exclusit.
1217 1733 1283 1818 llli,
1315 1736 1380 1814 illi,

135 1863 163 1914 ις
179 1841 321 1921 inquam,
339 1837 409 1900 urbi
427 1836 602 1900 fortissime
622 1839 754 1901 conanti
775 1857 793 1900 e
814 1839 962 1902 manibus
981 1847 1031 1901 est
1051 1846 1177 1921 ereptus
1197 1837 1380 1902 Antonius.

177 1940 289 2026 Quid?
312 1941 474 2024 legionum
490 1949 668 2004 nostrarum
684 1961 799 2004 nervos
819 1961 928 2005 nonne
943 1941 994 2004 his
1013 1941 1160 2005 consiliis
1174 1941 1356 2005 incidimus
1367 1944 1413 2007 ἕο
1486 1973 1487 1982 ¹

176 2047 249 2129 quis
271 2052 320 2108 est
344 2045 432 2106 enim
454 2045 509 2126 qui
534 2043 574 2107 ad
599 2044 717 2108 bellum
742 2043 942 2109 inflammato
965 2045 1076 2107 animo
1103 2043 1225 2107 futurus
1249 2046 1295 2108 sit
1321 2065 1381 2130 spe

178 2149 265 2234 pacis
294 2147 429 2210 oblata?
482 2145 554 2230 Ipsa
584 2148 640 2210 illa
666 2147 790 2211 Martia
815 2148 964 2212 caelestis
994 2157 1027 2210 et
1056 2147 1170 2211 divina
1199 2147 1285 2230 legin
1314 2149 1380 2213 boc

178 2252 294 2315 nuntio
314 2251 495 2332 languescet
514 2259 548 2314 et
564 2251 726 2315 mollietur
741 2260 837 2334 atque
853 2251 932 2315 illud
952 2251 1199 2335 pulcherrimum
1216 2251 1381 2316 Martium

133 2372 296 2420 nonomen
333 2353 488 2417 amittet:
535 2354 685 2417 excident
722 2354 835 2438 gladii,
871 2355 970 2418 fluent
1007 2374 1096 2418 arma
1130 2356 1171 2419 de
1213 2357 1380 2422 manibus.

128 2455 133 2464 ’
177 2459 329 2524 Senatum
355 2457 444 2520 enim
473 2466 583 2520 secuta
608 2476 675 2520 non
701 2457 905 2521 arbitrabitur
930 2477 965 2520 se
987 2459 1133 2541 graviore
1155 2457 1232 2520 odio
1257 2459 1381 2522 debere

178 2581 247 2625 esse
274 2561 309 2622 in
333 2560 514 2623 Antonium
538 2579 634 2643 quam
661 2569 819 2623 senatum.
862 2559 963 2624 Pudet
989 2562 1080 2624 huius
1104 2561 1252 2646 legionis,
1278 2563 1381 2647 pudet

177 2680 318 2750 quartae,
346 2683 427 2748 quae
458 2666 525 2748 pari
556 2666 675 2728 virtute
705 2673 848 2729 nostram
877 2666 1103 2729 auctoritatem
1137 2667 1274 2750 probans
1308 2686 1380 2730 non

178 2779 214 2833 ut
240 2769 403 2834 consulem
430 2779 463 2832 et
489 2771 716 2853 imperatorem
741 2787 845 2852 suum,
867 2767 922 2832 sed
945 2779 981 2832 ut
1003 2768 1129 2832 hostem
1155 2780 1189 2832 et
1211 2789 1382 2854 oppugna·

132 2895 163 2946 ²5
178 2884 280 2937 torem
310 2873 432 2956 patriae
462 2872 592 2955 reliquit
618 2872 822 2935 Antonium:
858 2871 955 2956 pudet
979 2873 1096 2956 optimi
1122 2875 1293 2957 exercitus,
1320 2878 1380 2958 qui

178 2977 368 3041 coniunctus
394 2984 443 3039 est
470 2994 509 3037 ex
534 2973 680 3057 duobus;
710 2976 764 3057 qui
792 2975 858 3038 iam
884 2975 1044 3059 lustratus,
1069 2978 1124 3059 qui
1150 2977 1311 3061 profectus
1337 2979 1381 3042 ad

177 3079 342 3144 Mutinam
357 3087 425 3142 est:
447 3079 502 3162 qui
523 3079 551 3140 si
573 3079 672 3162 pacis,
687 3077 720 3140 id
738 3088 788 3142 est
806 3079 935 3142 timoris
956 3081 1070 3162 nostri,
1086 3099 1205 3143 nomen
1224 3081 1383 3166 audierit,

170 3289 238 3348 from
249 3287 307 3336 their
317 3288 367 3346 city.
400 3287 484 3334 linear
503 3301 619 3334 ntoreouer
635 3295 694 3334 mosi
709 3303 752 3334 un·
801 3301 868 3334 arms.
902 3286 944 3347 Cp·
959 3299 979 3334 2·
992 3299 1031 3349 39·
1046 3297 1092 3335 100
1103 3287 1151 3336 loll.

170 3351 510 3416 suirioopennnegotiation
523 3352 644 3412 [αριστι
658 3352 752 3400 without
837 3353 892 3408 llli,
923 3353 976 3408 illi,
1004 3351 1056 3408 &a
1083 3353 1158 3400 ‘from
1188 3352 1228 3400 the
1256 3361 1383 3404 mennam

176 3420 212 3468 ibe
233 3431 381 3466 eoneuerence
403 3417 433 3476 os
446 3415 481 3463 ibe
500 3415 608 3480 generali
625 3415 675 3463 erbo
693 3431 752 3465 were
801 3415 878 3464 efforts
890 3417 917 3464 ol
925 3416 1259 3480 tbatcity.aye,oiCapra‚it
1271 3422 1382 3481 required

176 3485 287 3548 carrying
297 3499 327 3530 on
344 3481 380 3529 tln
398 3497 456 3536 ruer.
476 3480 526 3528 ond
541 3481 634 3542 ostbeir
645 3481 710 3530 oilr'er
726 3484 750 3529 in
801 3481 865 3529 force
876 3491 986 3530 toreseue
997 3483 1115 3545 Antony3'
1126 3498 1162 3544 cp.
1175 3497 1197 3532 a.
1209 3485 1261 3532 l.c.:
1274 3485 1382 3546 ‘Quern-

178 3550 250 3606 Gnui,
271 3549 323 3597 rubo
344 3561 403 3594 wne
414 3547 511 3611 joining
532 3546 556 3592 in
579 3546 598 3593 ir
618 3545 685 3594 teari
703 3549 752 3596 and
800 3548 928 3624 admodum
948 3549 1011 3624 illinc
1032 3548 1121 3632 abieris,
1146 3549 1181 3596 rel
1203 3551 1281 3611 potius
1303 3567 1382 3612 paenre

175 3614 233 3742 mg·
251 3676 403 3729 Obl'utural
426 3678 471 3726 ‘do
494 3677 504 3723 l
522 3676 593 3738 epenk
615 3678 643 3726 oi
657 3676 697 3725 the
715 3679 750 3726 l'u·
800 3613 1078 3739 noddbldlrlddtffmdlp.
1090 3691 1113 3738 3.
1124 3692 1148 3740 3.
1160 3677 1184 3728 6.

176 3743 258 3795 turei'
304 3746 336 3792 As
358 3744 381 3790 in
400 3742 441 3790 the'
463 3744 548 3790 former
567 3743 642 3791 clause
665 3743 694 3790 be
715 3760 750 3792 re·
833 3755 872 3792 aa.
892 3745 977 3792 liuius
991 3743 1382 3808 legionir.&c.‚¹netoe1rh2me

175 3811 252 3873 jected
280 3809 320 3857 tbe
348 3808 399 3856 idea
427 3807 455 3856 oi
479 3808 519 3855 the
546 3810 652 3871 embusey
680 3808 751 3874 doing
800 3808 1380 3874 inthepreseuoeoithislegion.nndtbefomtb.'
1486 3839 1487 3858 r

177 3875 348 3942 goodsobere
364 3873 394 3921 be
406 3882 504 3921 eorreets
518 3873 613 3922 himself
621 3873 657 3923 for
670 3875 751 3938 telling
800 3875 918 3924 Seeona.
932 3885 970 3936 25.
982 3872 1022 3923 61.
1486 3901 1487 3920 r

177 3940 205 3990 of
228 3940 257 3988 its
285 3940 330 3988 evil
357 3953 523 4000 consequaces
553 3940 577 3986 in
604 3939 645 3986 tbe
676 3940 751 3986 iuture
835 3938 873 3987 26.
892 3939 931 3987 Ex
952 3941 1071 3988 duobus:
1094 3939 1135 3988 the
1151 3956 1218 4004 army
1234 3941 1263 3988 oi
1278 3943 1381 4000 Hirtius,

178 4016 278 4118 terrie.1
332 4071 337 4084 ι
415 4069 421 4084 ι
505 4065 527 4118 ἃ
593 4068 632 4116 Th
800 4002 1282 4116 ababadbeenjoinedbytbeioroee
1305 4010 1382 4058 under

211 4086 249 4119 r.
283 4087 307 4118 nr
331 4085 371 4118 ros
397 4084 480 4124 erres,
528 4084 548 4116 e.
631 4083 669 4117 ese
691 4085 750 4117 erere
861 4083 947 4118 nanus.

180 4090 285 4186 milen
306 4085 414 4182 dolonistr
433 4133 512 4181 whom
531 4135 627 4197 Antony
644 4135 702 4182 tried
724 4143 750 4182 to
835 4135 982 4190 Lustratur,
1010 4135 1068 4183 ‘bas
1095 4137 1153 4184 been
1179 4138 1295 4200 solnnnly
1316 4141 1383 4200 puri-

183 4202 244 4252 rettle
256 4203 280 4248 in
295 4201 334 4248 the
351 4200 458 4260 territory
471 4199 499 4246 oi
512 4199 598 4258 Capua.
610 4200 655 4246 and
670 4199 750 4246 whom
799 4198 859 4255 fied:
871 4214 896 4245 ns
913 4213 960 4246 war
979 4199 1064 4264 always
1084 4202 1145 4251 done
1163 4203 1242 4250 before
1260 4218 1291 4250 en
1311 4220 1383 4269 army

186 4267 334 4328 deciperis
349 4263 470 4310 succeeded
482 4264 506 4308 in
521 4265 632 4324 rejecting
646 4263 704 4309 both
718 4264 750 4324 by
799 4263 859 4310 took
870 4263 910 4310 the
921 4263 980 4312 field.

192 4337 244 4384 lane
261 4333 286 4380 oi
301 4332 352 4378 lew.
369 4326 423 4380 and,
442 4326 583 4385 apparently,
601 4326 631 4384 by
651 4327 712 4371 ioree
725 4328 754 4371 oi
