2970 4698
1015 152 1029 198 l

118 315 148 372 11
161 315 303 362 tro-rra.
451 309 621 369 ORATIO
650 309 926 373 PHILIPPICA
955 311 1003 370 II.
1280 327 1321 394 99

32 476 37 482 '
112 469 273 532 satellites
288 489 362 532 curn
378 469 495 552 gladiis
511 471 669 534 audiunt?
690 491 746 534 cur
761 471 873 533 valvae
887 469 1089 536 Concordiae
1104 487 1171 532 non
1187 473 1322 555 patent?

112 592 168 636 cur
194 573 345 636 homines
370 575 518 637 omniurn
544 575 691 656 gentium
717 577 858 637 maxime
884 576 1043 658 barbaros,
1070 573 1223 660 Ityraeos,
1247 593 1322 637 cum

111 677 241 758 sagittis
267 677 399 741 deducis
426 679 462 739 in
485 669 617 742 fonrmi'
664 676 819 742 Praesidii
843 680 893 741 sui
920 697 1016 742 causa
1039 698 1075 742 se
1099 677 1204 742 facere
1229 677 1322 741 dicit.

113 779 194 842 Non
223 782 322 862 igitur
343 781 474 843 miliens
494 783 597 864 perire
620 790 668 844 est
691 782 806 844 melius
832 801 927 865 quam
952 785 987 844 in
1013 801 1070 846 sua
1090 783 1226 846 civitate
1249 781 1322 843 sine

112 895 310 947 armatomm
335 883 496 967 praesidio
521 904 587 948 non
614 903 706 968 posse
733 886 870 950 vivere?
913 885 973 950 Sed
1001 885 1124 949 nullum
1149 893 1198 948 est
1225 882 1349 968 istud,s

114 987 194 1049 mibi
210 988 317 1071 crede,
328 987 540 1072 praesidium:
557 991 692 1054 caritate
708 1001 742 1053 te
757 1001 789 1054 et
802 992 1028 1055 benevolentia
1039 993 1161 1055 civium
1175 1001 1321 1074 saeptum

45 1101 98 1149 ns
112 1101 242 1173 oportet
263 1111 344 1176 esse,
360 1112 426 1156 non
446 1094 554 1156 arnus
599 1092 724 1177 Eripiet
747 1104 781 1156 et
801 1097 1002 1178 extorquebit
1020 1095 1083 1158 tibi
1105 1096 1172 1158 ista
1188 1094 1321 1178 populus

113 1192 295 1279 Romanus,
310 1198 435 1258 utinam
449 1196 549 1260 salvis
564 1187 689 1284 nobisl
697 1197 754 1261 sed
769 1217 894 1281 quoquo
912 1199 1008 1262 modo
1023 1199 1191 1262 nobiscum
1206 1199 1320 1282 egeris,

113 1297 189 1362 dum
212 1300 288 1362 istis
310 1301 456 1364 consiliis
477 1303 588 1384 uteris,
608 1277 800 1386 nospotes,
825 1303 905 1366 mihi
928 1303 1034 1386 crede,
1056 1323 1125 1366 esse
1143 1302 1320 1366 diutumus.

113 1401 249 1466 Etenim
265 1403 328 1465 ista
341 1415 398 1466 tua
413 1405 550 1468 minime
565 1423 660 1467 avara
675 1408 828 1488 coniunx,
843 1423 939 1490 quam
958 1425 1017 1489 ego
1035 1407 1107 1468 sine
1124 1404 1321 1467 contumelia
1337 1425 1368 1461 ιο

112 1506 274 1588 describo,
297 1507 436 1569 nimium
459 1507 515 1570 diu
539 1508 634 1572 debet
659 1508 776 1592 populo
796 1508 948 1572 Romano
969 1509 1099 1572 tertiam
1122 1508 1321 1590 pensionem.

114 1609 227 1674 Habet
242 1609 376 1693 populus
391 1608 557 1674 Romanus
571 1611 612 1674 ad
633 1631 712 1694 quos
730 1612 943 1698 gubemacula
957 1613 1002 1674 rei
1020 1609 1165 1695 publicae
1180 1608 1322 1672 deferat:

113 1716 167 1797 qui
185 1713 379 1796 ubicumque
393 1723 549 1778 terrarum
562 1725 650 1798 sunt,
666 1716 711 1778 ibi
726 1733 824 1778 omne
838 1725 888 1779 est
903 1717 949 1780 rei
965 1715 1111 1799 publicae
1129 1713 1321 1798 praesidium

113 1817 164 1881 vel
187 1819 296 1901 potius
316 1819 387 1901 ipsa
409 1837 459 1882 res
478 1819 616 1903 publica,
636 1837 717 1903 quae
734 1838 769 1881 se
787 1817 888 1882 adhuc
909 1829 1037 1883 tantum
1058 1817 1153 1882 modo
1170 1817 1238 1882 ulta
1257 1825 1324 1900 est,

114 1919 259 1984 nondum
275 1923 482 2005 recuperavit.
513 1921 630 1986 ¹Habet
644 1921 775 2004 quidem
790 1933 876 1986 certe
892 1943 941 1986 res
957 1924 1084 2007 publica
1101 1921 1321 1985 adolescentes
1337 1939 1365 1987 15

114 2025 351 2107 nobilissimos,
379 2035 506 2108 paratos
536 2025 740 2090 defensores:
768 2045 864 2108 quam
890 2027 1001 2090 volent
1028 2025 1075 2090 illi
1106 2025 1223 2089 cedant
1251 2023 1321 2087 otio

112 2129 333 2211 consulentes,
355 2138 467 2191 tamen
489 2149 509 2192 a
531 2149 564 2192 re
587 2130 715 2213 publica
737 2131 978 2194 revocabuntur.
1023 2127 1065 2194 Et
1088 2147 1207 2192 nomen
1232 2129 1321 2210 pacis

112 2233 206 2294 dulce
235 2241 343 2294 estet
369 2233 440 2316 ipsa
466 2252 516 2296 res
542 2233 713 2315 salutaris3
742 2233 798 2308 sed
824 2235 910 2297 inter
936 2251 1046 2317 pacem
1072 2241 1106 2295 et
1132 2231 1321 2294 servitutem

111 2335 291 2419 plurimum
308 2335 452 2398 interest.
486 2335 550 2400 Pax
563 2347 612 2400 est
628 2336 801 2421 tranquilla
816 2337 959 2421 libertas,
974 2337 1110 2400 servitus
1126 2343 1321 2420 postremum

112 2439 274 2502 malorum
288 2441 448 2522 omnium,
464 2459 530 2502 non
550 2439 646 2503 modo
663 2441 761 2524 bello,
777 2441 832 2503 sed
848 2449 951 2503 morte
970 2441 1073 2503 etiam
1094 2415 1368 2542 repellendum..)

50 2549 97 2596 na
112 2540 211 2629 Qod
232 2543 260 2604 si
282 2561 317 2605 se
338 2543 425 2625 ipsos
447 2542 497 2604 illi
519 2544 620 2606 nostri
642 2543 830 2606 liberatores
848 2561 867 2605 e
891 2551 1063 2626 conspectu
1083 2551 1193 2605 nostro
1212 2539 1323 2604 abstu-

150 2737 173 2772 a.
192 2724 332 2786 Ityraeos.
365 2724 406 2772 See
418 2739 448 2770 on
460 2739 480 2772 c.
492 2723 515 2780 8,
530 2736 567 2788 19.
745 2725 833 2786 merely
850 2723 983 2788 exchanged
1001 2724 1041 2773 the
1060 2724 1124 2786 yolte
1143 2725 1172 2772 ol
1186 2725 1269 2772 Caesar
1287 2723 1323 2770 for

150 2803 174 2848 5.
191 2789 241 2836 Sed
265 2789 381 2844 nullum,
405 2787 447 2838 lire.
488 2789 693 2852 Cp.1.14,33;
745 2789 948 2851 thatofAntony.

111 2853 693 2917 andolia.y,25¹Necveroullavisimperii
778 2855 995 2904 Adulescentes.
1046 2855 1128 2902 lirutus
1161 2855 1206 2902 and
1233 2853 1324 2900 Cassius

111 2929 242 3032 m
262 2929 453 3049 lttlt‘tt
467 2921 694 3046 statii?
744 2920 1323 3048 lhigmrlelllihd‘rlfsiliffll’dllm

113 3065 166 3099 rore
195 3051 336 3106 succinxerit,
365 3051 404 3112 qui
432 3059 507 3111 septus
530 3053 624 3099 caritate
646 3067 693 3100 non
744 3051 1021 3114 havingbeenquaestor‚
1033 3051 1078 3098 and
1096 3049 1209 3098 therefore
1226 3058 1250 3096 at
1267 3049 1323 3096 least

114 3116 433 3164 foentranuiseuimarma
445 3117 574 3164 irritantur.¹
745 3127 785 3177 31,
798 3116 821 3163 in
834 3127 865 3175 53
877 3117 932 3164 ΒΩ.
964 3117 1183 3176 Seeone.ar,5a.

151 3183 173 3230 8.
191 3182 284 3230 Salvis
310 3181 402 3248 nobis.
426 3181 543 3228 ‘without
562 3183 694 3248 destroying
781 3179 818 3228 16.
836 3181 927 3240 Quam
950 3183 1050 3229 volent
1073 3179 1116 3228 illl
1140 3180 1253 3236 cedant,
1276 3181 1322 3226 ‘let

113 3248 157 3294 the
168 3247 253 3294 leaders
263 3247 291 3293 oi
299 3247 339 3294 the
350 3247 471 3294 senatorial
481 3247 563 3309 party!
744 3245 808 3294 them
819 3247 887 3294 retine
899 3262 923 3293 as
935 3247 969 3293 sar
980 3261 1004 3292 as
1016 3246 1071 3306 they
1083 3245 1144 3302 will:
1157 3244 1277 3293 ‘however
1288 3245 1323 3292 lar

153 3325 191 3361 10.
209 3311 330 3360 Minime
352 3327 438 3360 avara
461 3314 596 3369 coniunx,
615 3320 694 3360 ‘most
744 3311 953 3373 theyshallretire.'
971 3307 1322 3372 Cp.deDiv.1.26,56‘Quam

115 3379 194 3426 liberal
216 3378 244 3424 ui
263 3377 347 3426 wives!
389 3377 433 3425 She
455 3378 500 3425 had
517 3378 630 3425 sacrificed
647 3388 695 3426 two
747 3377 813 3424 vellet
832 3385 983 3436 cunmamur,
1002 3385 1081 3424 tamen
1103 3377 1185 3424 eudem
1208 3375 1249 3424 sibi
1267 3375 1323 3430 leto,

115 3444 230 3490 husbands
252 3453 278 3490 to
301 3444 341 3490 the
363 3443 456 3490 Roman
473 3445 554 3504 people
570 3445 696 3506 already·
745 3457 792 3503 quo
808 3441 855 3502 lpse
872 3443 991 3500 interisset,
1010 3457 1057 3490 esse
1074 3441 1229 3503 pereundum!
1264 3440 1322 3487 This

115 3509 142 3556 Ρ.
151 3509 246 3557 Clodius
259 3510 304 3556 aud
318 3509 347 3556 C.
358 3508 429 3556 Curio
437 3508 518 3564 ;-the
528 3509 590 3557 third
596 3510 641 3556 and
653 3511 695 3556 last
745 3507 889 3554 transitional
900 3523 977 3572 usage,
988 3509 1012 3555 in
1020 3507 1097 3555 which
1109 3507 1150 3555 the
1160 3507 1222 3562 verb,
1233 3505 1324 3568 though

115 3576 248 3621 instalment
260 3574 288 3620 ol
296 3574 336 3621 ber
347 3574 400 3621 debt
412 3575 570 3623 wasoverdue.
588 3574 695 3622 'Pensio'
745 3573 791 3620 still
811 3573 958 3637 conjugated,
978 3573 1019 3620 has
1041 3582 1081 3635 yet
1103 3574 1182 3635 nearly
1201 3573 1242 3620 the
1259 3586 1323 3619 same

116 3639 186 3688 urhe
203 3639 314 3686 technical
330 3639 393 3686 word
411 3639 447 3686 ior
465 3639 607 3688 instalments
625 3649 652 3688 to
667 3641 696 3686 be
746 3639 808 3686 force
820 3655 844 3686 as
852 3638 893 3685 the
901 3639 1050 3700 conjunction
1061 3637 1191 3700 ‘quamvis’
1203 3638 1323 3684 illustratea

116 3705 169 3766 pald
181 3713 206 3752 at
223 3706 312 3769 regulas
331 3705 444 3760 intervals,
468 3705 512 3751 and
536 3706 554 3752 is
576 3706 696 3768 especially
746 3704 803 3750 both
815 3705 855 3751 the
872 3705 968 3768 original
986 3705 1094 3766 meaning
1110 3705 1139 3751 ol
1147 3703 1197 3750 that
1215 3704 1323 3763 coujunc-

116 3771 207 3832 applied
217 3779 244 3817 to
261 3770 301 3818 the
312 3770 442 3817 restitution
453 3771 481 3816 ol
494 3769 535 3818 the
550 3770 629 3832 dowry
641 3771 669 3816 ol
683 3785 696 3816 a
747 3770 803 3826 tion,
816 3770 855 3816 ‘in
864 3771 981 3818 whatever
992 3769 1090 3832 degree:
1102 3769 1225 3816 ‘however
1236 3767 1322 3824 much:

116 3836 225 3883 divoreed
236 3837 289 3883 wile
300 3837 332 3897 by
343 3835 383 3883 her
400 3836 511 3892 husband,
523 3835 598 3883 which
609 3836 639 3885 lte
649 3851 696 3884 was
746 3835 791 3882 and
811 3835 860 3882 also
879 3835 919 3883 the
937 3850 1017 3883 reason
1040 3835 1068 3881 of
1088 3835 1117 3882 its
1138 3835 1246 3896 ordinary
1269 3849 1324 3881 con-

116 3901 220 3962 required
242 3910 268 3948 to
296 3899 366 3948 make
393 3901 418 3948 in
440 3901 504 3950 three
529 3903 612 3949 annual
640 3917 696 3964 pay·
746 3899 857 3948 struction
876 3900 932 3948 with
955 3901 995 3949 the
1018 3901 1168 3961 subjunctive.
1210 3899 1322 3967 similarly

118 3977 202 4014 merrts.
746 3979 781 4012 we
800 3965 845 4012 lind
866 3965 968 4014 ‘licebit'
989 3966 1045 4014 with
1062 3965 1141 4029 nearly
1158 3966 1198 4014 the
1218 3965 1281 4013 force
1298 3963 1326 4011 of

150 4031 217 4080 Sine
233 4033 421 4080 contumelia.
454 4031 673 4093 Seeonc.12,3o.
747 4030 1322 4093 'licet'initsconjunctionaluse,inllor.Epod.

154 4097 250 4146 11.Αά
277 4112 356 4160 quos,
382 4097 511 4145 salinum
531 4098 575 4145 and
598 4098 696 4154 Cassius,
750 4109 787 4158 15.
807 4108 837 4159 19
861 4097 908 4144 ‘Sis
926 4112 1008 4158 pecore
1025 4105 1048 4144 et
1067 4098 1141 4145 multo
1161 4097 1225 4144 dives
1244 4095 1324 4142 tellure

118 4164 162 4210 and
173 4162 214 4210 the
225 4161 291 4210 other
302 4163 461 4224 conspirators.
747 4162 840 4215 licebit:
852 4167 912 4224 'you
924 4179 979 4225 may
988 4163 1016 4210 be
1028 4162 1085 4217 rich.
1094 4164 1130 4210 lor
1142 4178 1171 4210 au
1187 4162 1214 4208 ht
1226 4161 1236 4208 l
1248 4175 1299 4206 care
1308 4159 1323 4214 ;'

154 4240 191 4291 14.
208 4228 272 4290 Ipsa
290 4229 463 4290 respublica.
491 4228 617 4290 Cp.Thuc.
627 4239 648 4291 7.
658 4239 696 4290 77,
747 4229 792 4274 and
807 4228 852 4276 0v.
869 4228 940 4277 Trist.
958 4241 981 4290 5.
1002 4241 1039 4286 ¹4·
1057 4241 1071 4289 3
1089 4227 1126 4274 ‘D
1206 4224 1323 4272 tauctori

122 4305 135 4357 7
153 4293 234 4356 {viper
246 4293 293 4354 γὰρ
308 4295 378 4342 πόλει
390 4293 428 4342 sal
446 4294 474 4341 ui
489 4293 563 4356 τείχη
578 4291 631 4342 οὐδὲ
643 4295 698 4350 sires
748 4293 846 4341 multum
859 4294 950 4342 fortuna
962 4293 1054 4342 licebitl

120 4359 209 4420 deipsis
221 4357 295 4405 sorel.
783 4357 911 4405 18.lnter
929 4356 1092 4417 pacem,&e.
1117 4357 1160 4412 Cp.
1172 4355 1231 4412 Livy
1245 4363 1323 4414 tuly

155 4437 192 4485 15.
216 4424 350 4472 Nondum
385 4425 579 4484 recuperavit,
613 4423 698 4485 having
749 4421 847 4467 ‘l’etlsse
859 4416 1324 4479 pacem(Samnites)apopul0Romano,

1049 4509 1103 4551 tta

1198 4590 1333 4640 ,Α
