2998 4706
160 239 223 324 aad
498 245 549 306 M.
578 237 740 306 TULLII
768 243 1022 307 CICERONIS
1221 259 1373 312 eea—es
1454 335 1463 355 .

160 402 263 466 morbi
283 405 443 488 gravitate
463 406 614 490 maiores,
628 423 707 488 quos
726 413 838 468 tamen
858 423 925 468 non
947 404 1094 486 nummos,
1111 403 1167 466 sed
1186 403 1375 466 laboriosos

160 507 300 572 solemus
314 506 432 572 dicere.
477 508 606 592 longus
624 508 687 572 fuit
701 507 790 572 dolor
805 507 906 592 bidui,
920 517 955 572 at
969 506 1185 592 compluribus
1205 525 1375 570 morum

159 629 255 696 saepe
277 612 469 678 multorum:
493 632 553 676 nec
575 631 651 676 vero
672 614 820 696 graviora
841 621 917 676 sum
938 610 1123 676 carnificum
1144 612 1376 674 cruciamenta

160 735 256 800 quam
283 717 443 782 interdum
470 723 633 780 tormenta
658 716 849 780 morborum.
903 715 981 778 Alia
1006 725 1094 799 sunt,
1116 715 1192 800 alia,
1219 717 1406 798 inquam

133 839 182 892 so
206 820 418 905 perditissimi
441 821 589 884 homines
611 829 645 884 et
668 821 898 904 amentissimi,
925 819 1029 883 multo
1049 821 1227 882 miseriora.
1274 819 1376 882 Nam

160 943 224 1008 quo
248 925 351 986 maior
376 925 428 986 vis
454 931 503 988 est
527 925 631 988 animi
657 943 753 1008 quam
778 925 932 1010 corporis,
954 923 1015 988 hoc
1040 932 1117 988 sunt
1141 924 1292 1007 graviora
1319 942 1377 1006 ea,

160 1046 240 1111 quae
269 1027 498 1111 concipiuntur
524 1029 646 1114 animo,
675 1047 771 1112 quarn
802 1028 870 1113 illa,
899 1047 981 1112 quae
1010 1047 1150 1112 corpore.
1208 1027 1377 1092 Miserior

162 1132 260 1216 igitur
278 1132 333 1214 qui
351 1133 486 1216 suscipit
503 1133 539 1195 in
552 1152 587 1196 se
608 1133 711 1196 scelus
726 1151 822 1217 quarn
840 1134 869 1196 si
888 1133 943 1216 qui
959 1132 1092 1196 alterius
1110 1131 1238 1194 facinus
1257 1131 1376 1194 subire

161 1235 295 1320 cogitur.
350 1233 523 1302 cruciatus
552 1247 602 1302 est
631 1257 652 1300 a
683 1235 852 1300 Dolabella
882 1235 1086 1300 Trebonius:
1122 1245 1156 1300 et
1182 1234 1320 1319 quidem
1353 1254 1376 1296 a

118 1361 150 1400 so
161 1337 485 1424 Karthaginiensibus
517 1339 669 1423 Regulus.
728 1341 803 1430 Qa
839 1359 872 1403 re
909 1359 984 1404 cum
1018 1338 1229 1403 crudelissimi
1261 1337 1375 1404 Poeni

163 1444 297 1508 iudicati
316 1445 384 1509 sint
405 1445 442 1508 in
462 1445 565 1530 hoste,
579 1444 655 1527 quid
672 1445 708 1507 in
723 1446 795 1508 cive
815 1444 855 1509 de
872 1443 1041 1508 Dolabella
1062 1441 1268 1506 iudiemdum
1290 1443 1375 1506 est?
1476 1513 1477 1516 4

163 1548 217 1611 An
235 1567 311 1612 vero
331 1549 391 1611 hoc
411 1548 639 1612 conferendum
660 1556 710 1612 est
727 1557 783 1610 aut
803 1547 1027 1630 dubitandum,
1045 1556 1117 1609 uter
1137 1545 1287 1608 miserior
1309 1547 1373 1628 sit,
1475 1533 1476 1541 ¹

162 1651 246 1734 isne,
255 1653 345 1714 cuius
357 1660 494 1714 mortem
508 1662 637 1716 senatus
648 1652 842 1736 populusque
853 1650 1021 1716 Romanus
1032 1650 1144 1714 ulcisci
1157 1651 1260 1733 cupit,
1268 1668 1316 1712 an
1329 1650 1374 1733 is,

160 1755 216 1837 qui
237 1755 363 1817 ornetis
380 1764 509 1818 senatus
528 1757 703 1819 sententiis
725 1757 826 1818 hostis
843 1763 893 1820 est
911 1754 1093 1818 iudicatus?
1138 1752 1228 1816 Nam
1247 1756 1374 1817 ceteris
1475 1747 1476 1755 '

119 1854 291 1939 mquidem
309 1859 398 1920 vitae
421 1859 564 1941 partibus
584 1861 657 1942 quis
680 1861 805 1942 estqui
829 1861 930 1942 possit
953 1859 1025 1921 sine
1040 1857 1199 1922 Trebonii
1222 1859 1375 1920 maxima

162 1959 360 2023 contumelia
382 1961 527 2025 conferre
552 1965 655 2026 vitam
678 1962 838 2026 Trebonii
864 1981 938 2026 cum
964 1960 1175 2026 Dolabellae?
1221 1961 1374 2024 Alterius

162 2063 347 2148 consilium,
372 2065 551 2150 ingenium,
572 2067 821 2151 humanitatem,
847 2067 1082 2148 innocentiam,
1104 2063 1374 2147 magnitudinem

162 2169 264 2232 animi
280 2169 316 2232 in
330 2171 435 2252 patria
449 2169 614 2234 liberanda
628 2172 700 2253 quis
723 2170 875 2253 ignorat?
898 2169 992 2233 alteri
1008 2187 1029 2232 a
1048 2187 1146 2253 puero
1164 2187 1221 2251 pro
1234 2167 1375 2232 deliciis
1475 2226 1476 2238 ,

163 2272 335 2336 crudelitas
364 2273 437 2356 thir,
467 2271 586 2337 deinde
616 2293 655 2336 ea
684 2272 859 2337 libidinum
888 2271 1064 2356 turpitudo,
1093 2282 1128 2336 ut
1155 2265 1195 2334 ¹in
1223 2272 1286 2334 hoc
1325 2276 1374 2336 sit

119 2395 151 2432 ao
162 2395 288 2460 semper
316 2378 387 2460 ipse
417 2377 564 2460 laetatus,
591 2375 675 2460 quod
705 2396 744 2440 ea
768 2377 901 2459 faceret,
927 2395 1008 2459 quae
1035 2375 1097 2439 sibi
1126 2375 1227 2438 obiici
1254 2395 1297 2437 ne
1328 2377 1375 2438 ab

164 2481 300 2543 inimico
321 2480 452 2562 quidem
475 2489 605 2564 possent
626 2479 817 2544 verecundo.
864 2478 906 2542 Et
928 2480 994 2563 hic,
1012 2477 1284 2553 diimmortales!
1306 2479 1375 2542 ali·
1388 2490 1423 2537 to

162 2582 289 2664 quando
324 2583 387 2646 fuit
420 2602 533 2646 meus:
570 2584 696 2647 occulta
726 2585 815 2646 enim
846 2592 937 2646 erant
969 2583 1052 2646 vitia
1081 2601 1148 2645 non
1178 2583 1376 2665 inquirenti.

198 2801 220 2838 a.
239 2787 348 2854 Longus
370 2790 420 2840 fuit
445 2790 523 2840 dolor
545 2792 620 2838 bidui
642 2801 677 2846 at.
695 2790 738 2840 &c
789 2788 828 2838 the
841 2790 898 2838 later
910 2791 1022 2838 Romans.

162 2853 193 2902 so
216 2855 294 2904 lialrn.
334 2855 432 2921 Madvig
453 2856 542 2916 (Jahn’s
564 2855 681 2914 Jahrbuch
704 2857 739 2904 ior
825 2867 862 2904 tt.
893 2857 924 2904 ln
956 2857 1044 2909 hoste,
1072 2854 1111 2900 ‘in
1139 2853 1229 2918 dealing
1251 2853 1309 2902 trith
1341 2871 1375 2902 an

166 2918 237 2981 1856.
245 2936 267 2982 p.
278 2921 335 2982 124)
345 2923 422 2969 would
433 2931 484 2983 stop
495 2922 535 2969 the
544 2921 619 2969 clause
631 2921 739 3034 ‘Lontgps
789 2923 893 2984 enemy?
904 2937 941 2982 cp.
952 2921 1016 2984 Virg.
1029 2923 1071 2968 Ae.
1084 2931 1106 2968 a.
1119 2931 1164 2981 541

164 2985 207 3033 fuit
218 2987 292 3034 dolor.
332 2987 414 3041 nidum
433 2989 472 3042 at‚'
486 2985 529 3036 dec.
563 2986 601 3035 He
619 3003 670 3048 says
728 2997 739 3034 t
790 2988 838 3035 ‘At
849 3002 896 3034 non
908 2987 953 3041 ille,
962 2995 1037 3033 satum
1048 3000 1096 3046 quo
1107 2994 1132 3031 te
1143 2986 1252 3042 muris,
1265 2983 1373 3036 Achilles

163 3050 203 3098 the
221 3053 324 3100 mention
340 3052 368 3099 oi
381 3053 422 3100 the
441 3051 533 3100 definite
556 3053 601 3099 and
621 3065 739 3112 compara·
807 3051 870 3099 Talis
882 3053 905 3098 in
916 3051 983 3099 hoste
995 3051 1038 3098 fuit
1051 3050 1166 3098 Priamo:'

163 3116 235 3178 tively
252 3117 315 3165 short
331 3118 410 3178 period
425 3117 454 3164 of
467 3127 514 3165 two
526 3120 582 3180 days
598 3118 616 3165 is
634 3118 739 3178 inappro·
789 3119 833 3164 and
846 3133 883 3165 see
895 3117 962 3163 Kritz
974 3132 1006 3164 on
1017 3116 1068 3163 Sall.
1080 3115 1132 3164 Cat.
1145 3129 1168 3175 9,
1181 3129 1204 3163 a.

163 3183 236 3241 priate
258 3183 282 3230 in
304 3198 334 3230 an
356 3183 472 3244 objection
495 3185 577 3248 urging
596 3183 638 3230 the
659 3184 739 3248 length
824 3192 861 3245 17.
882 3183 1103 3248 Magnitudinem
1134 3181 1229 3236 animi,
1257 3181 1281 3228 in
1298 3182 1372 3230 sacri·

164 3245 192 3293 oi
205 3245 246 3292 the
257 3249 374 3312 sufferings
391 3247 418 3294 oi
429 3247 572 3301 Trebonius;
589 3250 634 3296 and
651 3247 702 3295 that
720 3250 739 3296 it
788 3247 858 3311 ficing
878 3249 906 3294 all
924 3247 1018 3310 ieelings
1036 3247 1065 3294 oi
1080 3247 1194 3310 gratitude
1214 3247 1258 3294 and
1276 3248 1372 3308 private

163 3325 241 3358 eomes
253 3311 277 3357 in
288 3313 357 3359 much
366 3327 430 3359 more
439 3313 489 3374 litly
496 3315 520 3360 in
527 3315 626 3361 Cicero's
637 3329 738 3362 answer:
789 3313 920 3375 friendship‚
932 3314 961 3373 by
974 3313 1066 3375 sharing
1077 3313 1101 3358 in
1113 3311 1216 3359 Caesar's
1227 3313 1325 3360 murder.

164 3379 227 3421 ‘two
247 3377 310 3436 days.
331 3378 341 3424 l
361 3386 437 3441 grant,
455 3377 484 3424 he
506 3378 609 3434 suffered,
629 3388 669 3439 yet
685 3378 739 3427 how
824 3393 862 3426 aa.
889 3380 976 3432 Meus.
993 3377 1370 3439 ‘minebyererytieofkindred

164 3454 235 3502 many
246 3440 305 3488 hare
322 3443 379 3489 been
396 3441 498 3490 sufferens
515 3443 550 3490 ior
566 3457 636 3504 many
648 3445 738 3505 years3'
789 3446 834 3492 and
849 3444 971 3491 affenion:
1006 3443 1043 3489 lle
1055 3442 1124 3505 styles
1137 3443 1187 3490 him
1203 3441 1295 3490 ‘meus'
1305 3458 1369 3492 even

164 3507 206 3553 but
224 3515 272 3553 two
295 3507 351 3568 days
370 3508 398 3555 of
417 3509 529 3556 incessant
551 3517 640 3556 tortore
662 3510 739 3557 would
789 3510 847 3557 aiter
857 3509 893 3556 his
904 3510 996 3556 dirorce
1012 3509 1071 3554 from
1084 3507 1231 3562 Tullia,ntt.
1245 3521 1282 3570 14.
1298 3521 1366 3567 tm

164 3571 280 3634 generally
291 3574 320 3620 he
331 3573 464 3620 considered
475 3574 531 3637 long
541 3573 641 3637 enough.
790 3575 826 3622 Ὀ
838 3574 961 3622 mirificum
976 3573 1120 3622 Dolabellam
1140 3588 1226 3628 meum,
1242 3575 1289 3622 iam
1303 3575 1369 3622 enim

199 3649 220 3691 t.
240 3637 370 3686 Miserior
400 3641 493 3704 igitur.
521 3637 564 3688 dte.
613 3639 656 3701 Cp.
681 3639 739 3686 Plat.
789 3641 864 3688 dicam
876 3655 967 3694 meum:
985 3648 1060 3694 antea.
1075 3639 1142 3686 crede
1156 3638 1370 3693 mihi,subdubita·

164 3703 237 3765 Gorg.
253 3718 276 3763 p.
293 3701 342 3767 469
359 3719 386 3751 c:
403 3711 468 3752 nat.
487 3702 518 3752 rb
537 3705 581 3768 ἄρα
596 3705 694 3759 βούλοιο
710 3703 740 3752 he
789 3705 859 3753 bam!
894 3704 1068 3752 ThatCiceto's
1084 3705 1196 3752 blindness
1210 3705 1370 3752 tothenoto·

164 3765 293 3815 Micciades
312 3769 437 3828 μᾶλλονῆ
456 3768 561 3832 diresin
590 3774 664 3829 serp.
683 3773 738 3826 βου·
788 3771 850 3818 rious
861 3771 986 3834 profligacy
994 3770 1022 3817 oi
1031 3770 1148 3818 Dolabella
1156 3785 1203 3817 was
1213 3769 1369 3818 wilfulseenn
1475 3777 1477 3796 ⁴

164 3828 435 3894 holunruirhriyoeye
452 3835 573 3896 olidi-epe·
603 3833 624 3884 ei
638 3835 739 3896 d'drey·
788 3837 847 3884 clear
858 3835 918 3884 from
930 3835 971 3883 the
985 3836 1207 3900 languageusedby
1220 3835 1255 3884 M.
1266 3836 1369 3892 Caelius,

165 3899 232 3945 saise
249 3899 285 3954 ein
302 3897 391 3947 ἀδικεῖν
406 3899 422 3958 ἦ
438 3899 577 3964 ἀδικεῖσθαι,
593 3901 692 3961 italyam
709 3899 739 3950 he
788 3903 811 3948 in
829 3901 864 3950 his
886 3901 952 3949 letter
969 3901 1155 3965 congratulating
1174 3900 1255 3950 Cicero
1277 3917 1308 3948 on
1331 3901 1370 3950 his

164 3963 260 4022 μᾶλλον
270 3961 399 4012 ἀδικεῖσθαι
410 3965 426 4024 ἦ
437 3963 532 4013 diresin
788 3967 919 4030 daughter's
936 3976 1087 4031 engagement
1105 3967 1182 4027 (Fam.
1194 3966 1217 4014 8.
1232 3978 1269 4026 13,
1284 3967 1325 4026 1);
1342 3968 1369 4014 in

201 4041 238 4078 to.
257 4029 386 4094 Regulus.
420 4030 472 4078 The
483 4040 546 4094 story
558 4033 587 4080 oi
594 4030 633 4080 the
644 4033 738 4080 mirsion
789 4033 865 4080 which
888 4033 917 4080 he
940 4041 1074 4080 extenuares
1096 4030 1136 4079 the
1158 4031 1218 4078 vices
1241 4031 1317 4078 which
1337 4031 1369 4080 he

166 4095 195 4143 oi
208 4094 311 4160 Regulus
324 4103 350 4142 to
361 4097 439 4144 Rome
456 4096 480 4144 in
499 4107 546 4158 250
562 4098 629 4152 Rc..
645 4098 690 4145 and
703 4097 739 4146 his
789 4107 873 4146 cannot
890 4099 951 4161 deny
967 4106 993 4144 to
1010 4096 1071 4146 hare
1088 4097 1177 4145 existed
1200 4098 1223 4145 in
1243 4095 1283 4145 the
1302 4113 1367 4146 man.

166 4163 302 4224 subsequent
319 4161 380 4210 cruel
398 4171 523 4210 treatment
539 4165 571 4224 by
588 4162 629 4210 the
644 4162 741 4211 Cartha·
790 4162 866 4212 While
879 4164 963 4212 Caesar
976 4163 1044 4218 lived,
1059 4163 1142 4211 Cicero
1158 4177 1251 4224 appears
1265 4172 1291 4211 to
1306 4163 1369 4212 tuve

166 4227 262 4290 ginims,
280 4227 299 4273 is
320 4227 406 4276 looked
428 4243 490 4289 upon
508 4228 539 4290 by
557 4243 627 4288 many
646 4228 741 4276 modern
791 4228 890 4292 thought
903 4231 920 4276 it
932 4227 1004 4275 useful
1014 4236 1039 4274 to
1048 4228 1108 4274 hare
1119 4244 1132 4273 a
1144 4229 1217 4275 friend
1229 4237 1253 4275 at
1264 4237 1331 4276 court
1343 4229 1368 4276 in

166 4293 261 4348 writers.
281 4293 325 4338 and
344 4303 450 4358 amongst
470 4291 546 4340 others
561 4293 594 4352 by
609 4291 741 4338 Mommsen
791 4291 830 4338 the
851 4308 932 4353 person
952 4293 980 4338 oi
999 4291 1034 4338 his
1052 4293 1196 4346 son-inlata:
1219 4293 1264 4340 and
1282 4308 1313 4341 on
1333 4294 1370 4342 his

167 4357 238 4420 (liiii.
256 4357 284 4404 ol
298 4357 382 4413 Rome,
396 4355 518 4424 a.46),as
534 4371 563 4403 an
721 4355 745 4382 ⁴
792 4355 860 4402 death
874 4357 938 4404 these
955 4369 1002 4402 was
1019 4370 1033 4401 a
1049 4355 1111 4418 hope
1128 4365 1153 4403 at
1169 4355 1218 4406 first
1233 4357 1370 4407 thatDola·
