2970 4698
145 261 205 332 134
442 253 444 260 ⁴
492 239 540 302 II.
568 237 729 300 TULLII
758 235 1009 300 CICERONIS
1200 247 1343 302 rma-0·

141 401 224 484 quod
244 401 406 484 auferant,
422 400 503 464 nihil
528 401 590 464 sibi
613 399 795 464 defuturum
820 398 1038 477 arbitrantur3
1059 393 1174 479 quibus
1199 391 1249 457 M.
1273 392 1344 456 An·

142 507 315 570 tonius-o
344 504 377 568 di
409 503 619 588 immortales,
646 504 784 568 avertite
812 510 846 564 et
874 501 1097 582 detestamini,
1122 517 1251 582 quaeso,
1282 497 1347 560 hoc*

141 609 412 674 omeni-urbem
435 629 470 672 se
496 608 674 672 divisurum
700 626 768 672 esse
796 606 955 690 promisit.
999 602 1050 668 Ita
1073 623 1162 686 vero,
1183 602 1345 691 Quirites,
1359 621 1408 668 10

143 723 178 778 ut
208 713 398 800 precamini,
427 713 569 796 eveniat,
598 721 693 794 atque
723 711 815 774 huius
845 709 1008 772 amentiae
1037 725 1143 791 poena
1171 707 1207 768 in
1238 708 1346 788 ipsum
1373 707 1381 716 '

114 817 363 900 rfanriliamque
388 819 458 880 eius
480 815 620 880 recidat!
646 813 729 897 quod
757 816 805 878 ita
830 812 973 876 litturum
998 830 1068 874 esse
1093 809 1229 874 confido.
1273 806 1346 871 Iam

143 923 233 984 enim
259 939 325 983 non
351 919 455 982 solum
481 919 641 1002 homines,
668 917 723 982 sed
749 919 852 984 etiam
878 916 955 980 deos
982 915 1180 980 immortales
1205 913 1245 976 ad
1275 929 1347 975 rem

144 1023 303 1108 publicam
328 1022 578 1086 conservandam
602 1022 739 1086 arbitror
760 1021 970 1085 consensisse.
1014 1019 1047 1083 Si
1073 1020 1162 1082 enim
1187 1015 1349 1101 prodigiis

143 1135 239 1208 atque
263 1127 422 1209 portentis
446 1125 479 1190 di
505 1125 703 1189 immortales
728 1127 823 1189 nobis
846 1125 952 1188 futura
976 1122 1174 1208 praedicunt,
1199 1122 1246 1183 ita
1268 1129 1348 1182 sunt

144 1239 253 1314 aperte
277 1231 495 1314 pronuntiata,
517 1240 553 1293 ut
578 1239 612 1292 et
639 1229 686 1292 illi
714 1248 818 1313 poena
839 1237 873 1292 et
898 1229 991 1291 nobis
1017 1227 1148 1290 libertas
1173 1225 1350 1309 appropin-

102 1349 133 1388 ιο
144 1341 240 1417 quet:
263 1334 332 1396 sive
358 1341 466 1396 tantus
490 1351 664 1398 consensus
685 1333 833 1396 omnium
858 1332 930 1396 sine
956 1330 1094 1414 impulsu
1120 1329 1251 1392 deorum
1274 1345 1349 1390 esse

145 1457 211 1502 non
237 1437 355 1521 potuit,
377 1437 452 1519 quid
473 1445 523 1500 est
544 1435 627 1518 quod
649 1436 689 1500 de
710 1435 876 1499 voluntate
896 1435 1085 1498 caelestium
1102 1433 1249 1496 dubitare
1272 1450 1349 1514 pos-

145 1541 268 1604 simus?

188 1641 363 1724 Reliquum
389 1650 449 1724 est,
472 1640 630 1728 Qirites,
653 1651 689 1704 ut
714 1660 772 1704 vos
797 1643 833 1704 in
859 1642 923 1706 ista
948 1641 1123 1723 sententia,
1149 1657 1245 1724 quam
1270 1637 1392 1722 prae5

145 1745 238 1808 vobis
253 1743 356 1828 fertis,
372 1745 590 1828 perseveretis.
634 1744 765 1808 Faciam
785 1746 894 1828 igitur,
909 1752 945 1806 ut
960 1745 1167 1828 imperatores
1188 1744 1351 1806 instnrcta
1363 1761 1400 1807 11

103 1858 132 1912 ἐ
146 1849 216 1913 acie
253 1847 370 1932 solent,
402 1865 593 1930 quamquam
630 1849 853 1932 paratissimos
888 1848 1011 1911 milites
1047 1847 1087 1910 ad
1124 1844 1350 1931 proeliandum

146 1949 292 2034 videant,
307 1959 343 2012 ut
356 1969 412 2014 eos
426 1959 538 2014 tamen
553 1950 772 2036 adhortentur,
785 1953 834 2015 sic
854 1971 914 2035 ego
928 1971 986 2014 vos
1006 1950 1155 2013 ardentes
1175 1959 1208 2012 et
1223 1959 1350 2012 erectos

146 2054 187 2116 ad
201 2052 387 2117 libertatem
401 2053 650 2138 recuperandam
665 2055 864 2120 cohortabor.
908 2053 989 2118 Non
1004 2063 1054 2117 est
1069 2055 1172 2138 vobis,
1186 2053 1348 2139 Qirites,

147 2176 221 2221 cum
234 2175 275 2220 eo
290 2156 381 2220 hoste
397 2165 573 2242 certamen,
588 2177 661 2222 cum
676 2177 740 2242 quo
753 2159 860 2242 aliqua
875 2160 962 2242 pacis
982 2158 1129 2221 conditio
1146 2177 1216 2221 esse
1235 2159 1349 2241 possit.

148 2259 267 2343 Neque
291 2261 381 2324 enim
408 2260 463 2324 ille
490 2263 679 2325 servitutem
702 2271 856 2347 vestram,
882 2271 918 2325 ut
943 2271 1053 2345 antea,
1074 2261 1130 2324 sed
1155 2263 1221 2324 iam
1246 2263 1350 2324 iratus

105 2365 337 2448 ”sanguinem
363 2366 559 2449 concupivit.
615 2365 735 2429 Nullus
761 2367 791 2428 ei
819 2367 909 2430 ludus
934 2365 1061 2429 videtur
1085 2385 1154 2428 esse
1181 2364 1351 2428 iucundior

148 2488 244 2552 quam
265 2487 367 2552 cruor,
388 2487 485 2552 quam
510 2469 634 2553 caedes,
661 2489 756 2552 quarn
782 2478 858 2533 ante
884 2468 993 2533 oculos
1018 2469 1192 2533 trucidatio
1218 2469 1350 2532 civium.

149 2571 230 2634 Non
255 2581 304 2634 est
329 2573 421 2636 vobis
447 2591 507 2656 res,
532 2572 690 2660 Qirites,
714 2591 788 2636 curn
812 2573 969 2636 scelerato
991 2573 1123 2635 homine
1149 2593 1187 2636 ac
1215 2573 1351 2657 nefario,
1367 2587 1405 2633 ra

183 2844 206 2878 a.
223 2829 425 2885 Detestamini‚
454 2835 525 2878 ‘tum
548 2829 609 2877 aride
637 2838 661 2877 at
683 2844 724 2893 my
774 2829 933 2878 recumbere
948 2828 984 2876 rut
998 2829 1033 2878 bis
1046 2831 1246 2892 paurum
1262 2845 1352 2880 nem

149 2891 245 2958 prayer?
288 2890 423 2942 ‘Detestor'
449 2894 570 2942 elsewhere
597 2910 676 2944 means
699 2897 724 2942 ¹1
770 2893 989 2960 pliebiregrbr'rend.

149 2976 205 3024 pray
217 2961 252 3008 ior
264 2961 304 3007 the
315 2959 418 3008 oemoval
430 2955 480 3014 osr'
491 2959 532 3006 bnt
550 2960 594 3007 this
610 2975 687 3024 usage.
699 2971 725 3009 to
810 2971 848 3022 15.
866 2961 1045 3022 Qrsmquam
1057 2961 1212 3016 ..rideant
1223 2962 1352 3028 ‘altlrongh

149 3027 235 3090 aigniiy
252 3026 292 3073 the
309 3025 386 3073 action
400 3025 429 3070 oi
443 3023 484 3071 the
502 3025 560 3088 gods
574 3025 598 3072 in
617 3027 726 3090 granting
775 3025 832 3088 they
853 3040 908 3088 may
925 3025 989 3082 κη’
1006 3025 1046 3074 the
1062 3025 1206 3087 subiunctive
1221 3029 1289 3093 being
1305 3029 1352 3076 dne

149 3091 205 3138 such
217 3105 230 3137 a
242 3104 330 3151 prayer.
342 3103 415 3136 reerm
427 3097 452 3136 to
464 3088 493 3136 be
504 3090 665 3151 unparalleled.
776 3099 802 3138 to
814 3091 854 3139 the
864 3091 945 3153 purely
961 3091 1118 3153 hypothetical
1135 3092 1252 3142 chuades
1268 3095 1297 3140 ol*
1309 3094 1353 3142 the

183 3167 206 3217 5.
226 3155 380 3210 Familiam,
392 3153 441 3200 ‘hir
452 3152 601 3211 household3'
612 3157 728 3220 including
775 3157 858 3205 clause.

150 3218 263 3282 probably
279 3219 365 3273 Fulvia,
381 3221 478 3266 hutnot
495 3219 530 3266 his
548 3229 596 3268 tvo
613 3223 726 3270 brothers,
812 3219 849 3271 1⁶.
866 3221 960 3270 Ut...
978 3223 1163 3270 adhortentur
1191 3224 1291 3284 depende
1318 3239 1352 3272 on

150 3285 193 3332 See
203 3283 244 3330 the
254 3283 410 3330 introduction
422 3293 447 3331 to
459 3283 505 3332 this
516 3287 615 3336 oration.
776 3287 880 3342 ‘facua'
892 3295 919 3336 to
936 3287 965 3336 be
980 3289 1082 3350 supplied
1099 3289 1158 3336 from
1170 3290 1281 3338 ‘faciam'
1291 3289 1351 3336 with

186 3357 208 3412 7.
227 3347 378 3410 Prodigiis.
397 3349 441 3396 &a
475 3350 511 3398 Οἱ
527 3351 591 3399 there
611 3367 646 3399 we
666 3352 727 3400 hare
775 3352 876 3401 ‘solent'
912 3351 960 3400 For
972 3354 1018 3402 thir
1035 3368 1074 3402 ute
1089 3355 1117 3400 os
1128 3354 1203 3402 ‘facio
1216 3357 1253 3403 ut'
1269 3371 1305 3416 ep.
1321 3357 1352 3402 de

152 3430 183 3462 no
195 3413 282 3461 further
294 3413 381 3460 record.
774 3419 825 3468 sm.
840 3430 879 3475 ιι,
894 3431 925 3481 4²
943 3419 1045 3468 ‘invitus
1063 3419 1106 3466 feci
1118 3427 1144 3466 nt
1156 3419 1183 3468 L,
1195 3421 1350 3468 flamininum

184 3493 218 3526 cc.
233 3475 294 3540 5‚6.
316 3477 341 3524 It
357 3491 406 3524 aaut
425 3493 454 3526 nn
474 3495 513 3528 rese
531 3480 654 3546 ραν-ἰθέης
671 3479 726 3530 reid
774 3499 787 3530 e
805 3491 885 3531 entatu
903 3481 1023 3540 eicerem¹
1038 3486 1134 3532 andree
1150 3498 1174 3547 3.
1190 3499 1226 3548 14,
1240 3499 1271 3548 35
1287 3495 1351 3534 note.

151 3544 259 3603 Antonyr
284 3542 312 3591 be
329 3558 378 3590 wer
399 3541 565 3609 thierringsor
584 3545 659 3602 blood,
677 3549 727 3596 and
776 3549 820 3596 For
839 3548 880 3596 the
899 3563 938 3596 nse
961 3547 1066 3596 or·uc'
1083 3565 1119 3610 ep.
1138 3550 1204 3600 ram.
1229 3564 1351 3615 r.9,19
1404 3547 1413 3560 '

152 3609 248 3672 uorbrhg
266 3609 310 3656 uu
328 3607 408 3656 would
424 3611 503 3671 rutiysy
524 3610 559 3659 bis
580 3626 654 3676 mgr,-
676 3611 726 3672 they
775 3613 846 3660 ‘Dixi
870 3628 909 3661 me
935 3613 1007 3662 facee
1034 3616 1152 3676 quiddam,
1174 3618 1238 3677 quod
1259 3617 1283 3663 in
1305 3617 1352 3664 Eu·

152 3683 214 3720 murt
229 3673 318 3734 ἀνω]
334 3673 390 3728 Irim,
412 3689 464 3722 noso
485 3675 534 3722 Ibat
555 3675 604 3736 they
621 3673 670 3726 bad
690 3678 727 3726 tbe
775 3677 972 3739 nnchopararitur
980 3679 1084 3728 maderet
1095 3681 1176 3729 militi:
1190 3717 1208 3730 ..
1220 3717 1227 3730 .
1238 3683 1351 3742 siepetiri

152 3739 303 3802 opportunity¹
319 3753 348 3786 or
361 3739 410 3798 τὴν
423 3739 503 3788 would
514 3741 600 3802 parib,
614 3743 664 3790 md
677 3741 727 3790 uae
776 3758 789 3790 a
803 3741 928 3792 iudicibus.¹

152 3803 727 3868 nmiddisgrnumorealr'entotbenerareostba
811 3819 849 3872 19,
866 3809 965 3870 Neque
994 3811 1077 3859 enim.
1109 3811 1198 3859 Kranae
1214 3812 1303 3873 oblecta
1325 3821 1352 3860 to

153 3868 247 3916 Roman
263 3869 350 3930 propte.
383 3869 421 3916 He
438 3885 486 3917 rear
504 3880 544 3920 nor
560 3886 576 3918 a
597 3873 725 3930 Hannibal,
777 3871 821 3921 thir
833 3874 908 3922 clause
919 3874 971 3924 that
982 3875 1001 3922 it
1012 3877 1030 3923 is
1041 3877 1165 3938 unworthy
1177 3876 1231 3925 ol'a
1249 3877 1351 3934 Roman.

153 3932 190 3981 Ibe
206 3933 304 3998 general
321 3934 352 3995 os
368 3947 384 3979 n
401 3935 507 3984 civiliud
527 3937 577 3984 ond
593 3937 727 4000 responsible
777 3940 820 3986 and
833 3940 982 3989 inconsistent
992 3941 1048 3988 with
1059 3941 1101 3988 the
1160 3943 1165 3954 '
1183 3943 1293 4007 ningand
1306 3943 1352 3992 end

153 4007 266 4058 eonem
282 3999 512 4065 bebednotbr'ngto
529 4001 728 4058 lesemdan·
777 4003 1125 4068 ofuhspsschrorepresenr
1164 4008 1352 4056 et'earofdeath

146 4063 204 4125 fun
278 4063 283 4076 '
331 4073 355 4111 ro
365 4065 433 4125 som
450 4081 465 4112 a
478 4067 585 4115 maurini
599 4079 728 4132 gnaram
777 4085 802 4117 ar
813 4085 827 4116 a
838 4084 903 4118 more
918 4071 1030 4134 powerlul
1047 4074 1183 4120 moriretur
1198 4075 1277 4122 aedon
1294 4074 1351 4122 thau

147 4129 240 4189 sortire
301 4131 487 4191 onmneeosbr'a
498 4133 624 4194 promissa
642 4133 727 4182 beves
777 4135 817 4183 the
828 4135 915 4183 iearor'
927 4137 1023 4199 rlavay.
1056 4137 1214 4186 burcioero's
1231 4148 1354 4202 argument

155 4209 171 4241 n
183 4209 243 4242 mere
253 4195 340 4250 robber.
352 4211 379 4242 nr
389 4193 475 4243 reiched
484 4212 510 4243 ne
522 4197 729 4252 cathmum
777 4199 853 4247 rather
865 4201 884 4247 is
895 4201 948 4249 that
959 4202 1026 4249 when
1038 4201 1107 4250 death
1118 4204 1136 4250 is
1154 4205 1276 4252 innninnrt
1287 4205 1352 4253 there

154 4259 189 4307 bis
210 4273 302 4326 mergy,
324 4259 373 4308 arrd
392 4260 436 4308 rite
459 4259 556 4308 Catilina
577 4261 604 4309 he
625 4271 686 4308 murt
703 4264 729 4309 be
777 4263 935 4312 isnoebanee
952 4266 980 4312 ol'
993 4267 1100 4331 escaping
1117 4269 1180 4322 itas
1196 4269 1285 4332 slavery
1296 4283 1352 4333 may

154 4326 265 4383 msera·
282 4327 333 4376 und
349 4327 427 4375 Cicero
443 4340 491 4373 rous
507 4339 561 4374 neree
577 4339 640 4372 nrore
657 4327 728 4386 ready
777 4329 806 4376 be
817 4329 955 4384 avoided,or
966 4345 1023 4378 eres
1035 4333 1157 4390 remedied‚
1168 4334 1200 4395 by
1211 4335 1351 4398 diplomacy.

602 4617 735 4666 A
