2998 4706
290 1217 357 1312 M.
398 1217 669 1314 TULLII
728 1217 1161 1315 CICERONIS

339 1476 664 1544 ORATIONUM
694 1477 1107 1544 PHILIPPICARUM

492 1703 632 1764 LIBER
668 1702 951 1764 UNDECIMUS.

80 1904 108 1970 l
165 1897 341 1964 MAGNO
371 1903 407 1964 in
435 1901 555 1986 dolore,
585 1911 691 1986 patres
720 1904 906 1988 conscripti,
935 1901 988 1964 vel
1025 1921 1168 1965 maerore
1205 1904 1324 1987 potius,

90 2016 216 2086 lquem
241 2024 281 2067 ex
303 2004 422 2068 crudeli
444 2015 477 2069 et
500 2007 675 2069 miserabili
705 2016 808 2070 morte
833 2005 875 2072 C.
901 2006 1073 2090 Trebonii,
1099 2007 1217 2089 optimi
1241 2008 1324 2070 civis

121 2108 431 2192 moderatissimique
455 2109 609 2195 hominis,
630 2112 824 2194 accepimus,
847 2111 932 2174 inest
954 2120 1066 2174 tamen
1090 2109 1222 2194 aliquid,
1239 2111 1324 2194 quod

121 2214 168 2278 rei
196 2213 340 2297 publicae
369 2213 566 2298 profuturum
597 2223 716 2297 putem.
771 2213 994 2298 Perspeximus
1024 2216 1113 2276 enim
1138 2223 1258 2297 quanta
1288 2215 1324 2276 in

121 2325 176 2408 iis,
204 2326 260 2407 qui
290 2333 403 2388 contra
431 2326 569 2409 patriam
600 2321 756 2388 scelerata
788 2345 877 2389 arma
913 2335 1078 2410 ceperunt,
1108 2327 1228 2388 inesset
1263 2327 1351 2390 ἐπι-5

121 2429 272 2492 manitas.
317 2427 408 2492 Nam
434 2428 497 2492 duo
520 2429 598 2492 haec
624 2430 733 2513 capita
757 2437 833 2492 nata
856 2439 931 2493 sunt
958 2439 1029 2513 post
1055 2429 1204 2493 homines
1230 2437 1324 2492 natos

119 2533 308 2596 taeterrima
333 2541 366 2595 et
392 2533 608 2617 spurcissima,
631 2531 801 2596 Dolabella
819 2543 852 2596 et
871 2533 1056 2597 Antonius:
1085 2552 1218 2617 quorum
1243 2533 1324 2595 alter

121 2635 232 2700 effecit
261 2636 345 2719 quod
374 2645 512 2720 optarat,
543 2635 582 2698 de
613 2635 714 2700 altero
743 2637 941 2720 patefactum
972 2645 1020 2700 est
1050 2636 1126 2719 quid
1157 2638 1324 2718 cogitaret·

123 2739 161 2803 L.
183 2738 294 2804 Cinna
316 2739 463 2823 crudelis,
483 2738 526 2802 C.
549 2736 674 2803 Marius
698 2741 733 2802 in
755 2739 919 2802 iracundia
941 2759 1156 2824 perseverans,
1176 2739 1214 2803 L.
1238 2739 1324 2804 Sulla

122 2843 317 2927 vehemens5
339 2862 440 2926 neque
463 2843 559 2906 ullius
581 2843 693 2907 horum
717 2844 752 2906 in
772 2843 956 2906 ulciscendo
979 2844 1138 2906 acerbitas
1160 2861 1324 2927 progressa
1341 2860 1370 2896 ¹0

122 2945 205 3009 ultra
229 2955 367 3010 mortem
393 2956 462 3010 est:
495 2965 576 3030 quae
606 2955 718 3009 tamen
744 2965 850 3030 poena
880 2948 915 3010 in
945 2948 1032 3010 cives
1059 2948 1158 3009 nimis
1187 2946 1324 3010 crudelis

156 3159 189 3194 ot.
201 3156 256 3206 1-.3
274 3145 700 3224 lbedeatbafl'rebanius.gtieuous
749 3145 891 3210 throughout
912 3145 978 3193 Asia.
1023 3145 1047 3193 It
1066 3159 1125 3192 tuere
1144 3144 1269 3210 goadsor
1289 3145 1325 3194 tbe

123 3210 231 3272 calamity
245 3225 272 3260 ae
290 3213 377 3266 itwas,
395 3211 577 3276 migbtfitrm'eb
592 3227 607 3259 a
624 3211 700 3272 usesul
749 3159 1325 3267 mnosnobsemtbiswetttnatttobomrs,

122 3276 194 3324 team
210 3286 233 3325 to
250 3277 286 3324 tbe
301 3286 364 3325 stata
402 3277 497 3336 Aaloay
513 3277 563 3325 aad
577 3275 699 3325 Dolabella
742 3277 875 3338 foritwae
886 3275 1327 3338 buttypiaalastubathatoaywould

123 3341 439 3398 wmaeiaet'muieledaess.
448 3342 700 3392 audnowtbatDola·
749 3340 1301 3404 dae'sbesboultlbeallowedtobauebieway.

124 3406 559 3468 bellabatlebotuabousarbeeould
568 3409 700 3472 gobeyond
787 3423 807 3456 r.
827 3409 929 3472 Magno
960 3409 988 3456 in
1016 3407 1121 3468 dolore.
1149 3407 1229 3463 lte..⁸
1240 3409 1263 3455 in
1285 3407 1325 3456 the

123 3472 158 3520 att
172 3474 279 3534 pealaue
293 3473 450 3535 precedente'
441 3489 465 3520 ta
482 3423 588 3534 amelly?
587 3475 637 3521 aad
650 3472 700 3521 bad
748 3473 817 3522 millet
829 3474 857 3520 ol
865 3489 906 3536 my
913 3483 978 3538 great
989 3472 1054 3536 grief.
1064 3472 1125 3536 grtes
1130 3471 1206 3521 which
1217 3473 1227 3520 l
1240 3481 1325 3521 cannot

123 3537 415 3602 tbmbygiuaewarat'ag
430 3539 556 3599 subattbey
573 3539 698 3586 bathum
748 3539 853 3587 control'
886 3541 1096 3602 Seeon95,1a

123 3604 335 3732 tw.
320 3605 390 3717 ab?
374 3612 699 3734 “nl“lll'tftzlf
748 3605 853 3718 alil?
857 3601 1326 3718 blilf'mlmsiilhil'ildlbfill

124 3735 288 3783 Eacbtoasaa
303 3735 443 3784 intruderiu
458 3751 474 3782 a
489 3735 699 3798 proulmeuotbt's
749 3735 865 3797 45Β,0.,
882 3736 927 3782 and
944 3749 1001 3782 soon
1017 3735 1076 3782 aiter
1092 3734 1193 3782 Caesar's
1209 3735 1308 3791 death,
1301 3749 1325 3781 rn

124 3815 180 3849 mon.
215 3801 310 3862 Amy
326 3801 410 3849 tedet
424 3815 473 3848 was
488 3801 607 3850 cbecled
597 3817 622 3848 m
635 3800 699 3849 Gaul
749 3801 826 3848 which
837 3799 866 3848 he
878 3800 936 3849 toolr
948 3816 961 3846 a
972 3801 1102 3876 prominent
1116 3809 1174 3861 part,
1186 3799 1217 3848 he
1227 3809 1288 3848 went
1300 3815 1325 3848 us

124 3865 198 3926 byn.
216 3867 311 3921 amas,
329 3865 395 3914 but
386 3882 409 3912 ta
428 3866 488 3914 Asa
510 3867 632 3915 Dolabella
652 3866 701 3914 bad
748 3867 870 3928 proconsul
881 3875 908 3913 to
918 3865 959 3913 the
969 3879 1077 3926 province
1089 3865 1116 3912 of
1124 3867 1186 3912 Ana

124 3931 437 3996 madegaodbe'egowd.
454 3933 543 3996 bauiag
558 3933 700 3992 antaeus·
782 3945 806 3996 9.
826 3933 854 3978 L.
874 3933 972 3986 Cinna,
989 3927 1031 3978 &o
1066 3930 1329 3979 'l'heintroductionoi

116 3996 195 4060 fiaaly
212 3997 359 4045 subordinate
376 4005 399 4044 to
417 4006 517 4060 prepare
534 3999 570 4046 tbe
588 4012 640 4058 way
655 3997 700 4058 far
750 3997 825 4045 Cinna
837 3997 882 4042 und
894 3996 953 4042 Sulla
965 4011 990 4042 as
1001 3997 1116 4057 exemplet
1130 3995 1158 4043 oi
1168 4006 1268 4074 tyramy
1279 3996 1326 4043 had

123 4062 177 4110 bina
211 4063 249 4110 He
266 4062 316 4111 bad
330 4063 497 4126 jblloeoedp
465 4080 482 4110 u
519 4079 535 4110 a
557 4063 700 4112 treacbmms
749 4076 803 4110 now
820 4063 916 4109 become
933 4075 946 4107 a
961 4062 1135 4123 commonplace
1153 4061 1210 4108 with
1227 4061 1324 4116 θίασος

124 4127 429 4192 ebouaoHrieadsbipsor
449 4128 583 4186 Trebonius,
601 4129 628 4188 by
650 4143 700 4174 eur-
749 4140 874 4190 cp..a4a
888 4125 949 4180 108;
968 4123 1078 4188 5.6.17.
1111 4126 1329 4174 Forthesakeos

121 4195 214 4256 prieing
223 4193 258 4242 bis
270 4195 314 4254 city
325 4195 375 4242 ana
387 4194 525 4258 murdaiag
537 4194 635 4256 bimuli.
646 4193 700 4242 tuith
751 4191 894 4240 arhetorioel
937 4192 971 4239 int
982 4192 1012 4239 he
1028 4191 1104 4240 here'
1097 4206 1189 4256 ignores
1200 4192 1240 4238 the
1252 4191 1326 4256 indig-

125 4258 158 4306 att
174 4259 264 4324 tbeag
261 4261 388 4324 grauatioa
406 4260 437 4322 of
452 4269 540 4308 tortia-e
557 4259 636 4322 besore
653 4259 702 4306 aad
751 4259 802 4321 nity
813 4257 889 4306 which
915 4258 959 4306 ulla
970 4258 1082 4319 practiued
1096 4273 1126 4304 on
1138 4257 1178 4305 the
1191 4258 1289 4304 remaine
1301 4256 1329 4304 ol

126 4325 194 4373 insult
210 4273 295 4386 astergr
287 4326 362 4382 deatb.
380 4326 431 4374 aaa
447 4326 497 4374 bad
512 4326 563 4374 tbea
577 4325 703 4388 procuded
753 4269 849 4380 Mtayriaa
861 4340 891 4372 on
905 4323 981 4371 which
995 4323 1024 4371 be
1038 4323 1160 4371 elsewhere
1175 4324 1284 4387 enlarges.
1296 4323 1325 4370 de

125 4391 702 4454 toplaytbetyrantiuatriumpbalprogress
752 4389 824 4455 Legg.
838 4402 859 4438 a.
873 4401 911 4444 aa.
923 4386 962 4450 56.
996 4390 1039 4450 Cp
1050 4389 1101 4438 Val
1113 4389 1249 4452 Mex9a
1263 4400 1284 4436 1
1325 4456 1334 4469 a

1051 4492 1106 4540 tta
