2970 4698
138 267 166 322 ii
179 267 295 314 48—51.
474 257 643 318 ORATIO
670 259 940 320 PHILIPPICA
976 258 1006 318 V.
1279 252 1339 340 165

138 415 201 477 hoc
226 433 297 498 spes
322 416 478 480 libertatis
504 421 608 502 posita
633 431 703 500 est;
732 419 773 482 ab
800 419 861 482 hoc
885 425 1015 533 acceptp
1042 421 1108 481 iam
1133 416 1240 498 salus;
1265 415 1340 478 huic

80 535 122 582 so
136 519 257 581 summi
280 519 415 583 honores
437 531 470 584 et
492 523 698 605 exquiruntur
719 532 751 585 et
774 524 874 605 parati
898 533 983 585 sunt.
989 538 999 622 j
1027 521 1129 586 Cuius
1151 521 1249 603 igitur
1272 520 1341 582 sin·

137 621 281 704 gularem
304 623 504 706 prudentiam
522 625 728 708 admiramur,
749 629 819 688 eius
841 626 1014 688 stultitiam
1035 623 1210 688 timemus?
1251 620 1341 706 Qid

138 725 230 786 enim
255 725 384 788 stultius
409 746 505 808 quam
529 728 677 790 inutilem
699 730 890 810 potentiam,
905 727 1083 791 invidiosas
1108 745 1196 809 opes,
1220 723 1342 806 cupidi-

138 839 243 891 tatem
265 828 454 893 dominandi
476 833 682 913 praecipitem
704 841 738 894 et
760 831 913 894 lubricam
935 831 1090 894 anteferre
1113 849 1218 910 verae,
1239 829 1369 912 gravis

139 931 261 996 solidae
285 933 428 1014 gloriae?
472 933 525 996 An
551 936 610 996 hoc
637 935 719 997 vidit
744 954 836 1016 puer:
866 937 893 996 si
918 943 1023 998 aetate
1051 933 1248 1017 processerit,
1275 949 1341 993 non

139 1033 294 1098 videbit?
341 1037 386 1100 At
412 1049 460 1101 est
486 1037 676 1118 quibusdam
698 1039 851 1100 inimicus
877 1038 1064 1101 clarissimis
1090 1046 1184 1119 atque
1210 1033 1343 1118 optimis

139 1138 278 1200 civibus.
324 1137 442 1204 Nullus
454 1143 515 1203 iste
530 1143 629 1204 timor
642 1161 712 1203 esse
725 1141 829 1204 debet.
873 1141 998 1204 Omnes
1012 1139 1133 1206 Caesar
1148 1131 1343 1202 'inimicitias

142 1242 189 1303 rei
212 1241 358 1324 publicae
379 1243 593 1307 condonavit:
616 1244 699 1308 hanc
721 1243 784 1307 sibi
809 1244 946 1306 iudicem
969 1246 1150 1326 constituit,
1172 1242 1254 1305 hanc
1275 1261 1344 1304 mo-

141 1344 334 1408 deratricem
351 1348 498 1409 omnium
520 1347 695 1409 consiliorum
713 1357 807 1428 atque
830 1347 995 1410 factorum.
1040 1343 1090 1410 lta
1110 1347 1198 1408 enim
1217 1343 1256 1407 ad
1278 1361 1344 1406 rem
1361 1369 1390 1406 ιο

143 1447 304 1530 publicam
326 1451 473 1532 accessit,
488 1459 523 1513 ut
543 1469 615 1512 eam
637 1449 848 1531 confirmaret,
869 1467 935 1512 non
956 1459 991 1512 ut
1011 1457 1176 1511 everteret.
1220 1447 1345 1510 Omnes

143 1551 248 1614 habeo
276 1554 423 1634 cognitos
454 1571 565 1616 sensus
594 1552 817 1616 adolescentis.
877 1551 972 1614 Nihil
1003 1561 1052 1615 est
1081 1550 1128 1613 illi
1160 1571 1193 1613 re
1220 1550 1346 1633 publica

144 1656 260 1737 carius,
291 1655 372 1717 nihil
398 1665 503 1718 vestra
532 1657 720 1719 auctoritate
750 1658 888 1739 gravius,
914 1656 994 1721 nihil
1026 1657 1181 1718 bonorum
1205 1656 1345 1717 virorum

93 1775 130 1820 ni
145 1758 268 1821 iudicio
289 1761 442 1842 optatius,
465 1757 547 1822 nihil
565 1778 639 1822 vera
661 1759 761 1842 gloria
782 1759 914 1823 dulcius.
960 1759 1070 1847 Qam
1091 1758 1132 1821 ob
1156 1777 1222 1820 rem
1245 1756 1285 1820 ab
1308 1776 1347 1819 eo

145 1881 212 1924 non
232 1862 328 1926 modo
348 1862 429 1926 nihil
450 1864 575 1945 timere,
590 1863 644 1926 sed
665 1865 786 1926 maiora
806 1873 839 1926 et
860 1860 992 1926 meliora
1010 1870 1191 1944 exspectare
1211 1860 1347 1944 debetis,
1363 1889 1391 1940 ις,

146 1984 249 2049 neque
265 1968 300 2027 in
315 1985 366 2049 eu,
380 1968 435 2047 qui
451 1965 491 2029 ad
505 1965 549 2029 D.
564 1965 695 2029 Brutum
710 1965 880 2029 obsidione
899 1964 1098 2029 liberandum
1117 1963 1273 2048 profectus
1291 1965 1347 2046 sit,

146 2070 273 2151 timere,
299 2089 340 2130 ne
371 2071 525 2133 memoria
554 2078 683 2132 maneat
708 2068 877 2133 domestici
908 2069 1038 2152 doloris,
1063 2086 1144 2149 quae
1170 2068 1239 2150 plus
1265 2065 1347 2149 apud

144 2191 221 2234 eum
248 2173 348 2254 possit
374 2190 470 2255 quam
493 2171 578 2236 salus
603 2173 758 2235 civitatis.
804 2171 937 2235 Audebo
963 2174 1063 2234 etiam
1089 2171 1229 2254 obligare
1254 2168 1348 2231 fidem

147 2293 266 2357 meam,
282 2283 386 2357 patres
401 2276 587 2358 conscripti,
599 2274 691 2338 vobis
706 2275 882 2357 populoque
897 2273 1050 2338 Romano
1065 2275 1171 2356 reique
1188 2271 1349 2355 publicae:

146 2377 231 2462 quod
257 2376 410 2460 profecto,
436 2395 509 2442 cum
536 2397 588 2440 me
613 2376 701 2440 nulla
726 2379 776 2440 vis
802 2387 939 2460 cogeret,
966 2377 1069 2440 facere
1096 2395 1163 2439 non
1190 2373 1349 2458 auderem,
1366 2408 1397 2444 so

149 2483 465 2565 pertimesceremque
490 2483 525 2542 in
548 2483 688 2544 maxima
714 2502 747 2543 re
771 2481 980 2564 periculosam
1006 2482 1195 2563 opinionem
1220 2480 1351 2540 temeri-

148 2586 247 2648 tatis:
270 2586 433 2667 promitto,
454 2586 585 2667 recipio,
606 2584 759 2668 spondeo,
780 2593 883 2666 patres
908 2585 1093 2667 conscripti,
1114 2583 1154 2648 C.
1177 2581 1351 2646 Caesarem

149 2685 249 2750 talem
263 2705 386 2770 semper
401 2685 467 2749 fore
482 2687 599 2770 civem,
613 2686 716 2767 qualis
738 2686 831 2750 hodie
851 2687 894 2749 sit
909 2687 1096 2770 qualemque
1116 2705 1190 2749 eum
1211 2687 1351 2748 maxime

150 2790 233 2852 velle
250 2809 319 2852 esse
334 2799 366 2854 et
381 2799 491 2873 optare
505 2789 666 2852 debemus.

184 2947 208 2998 5.
228 2936 323 2990 Verae.
350 2936 436 3000 graui,
463 2937 577 2991 solidae,
605 2935 727 3000 ‘genuine
777 2937 806 2983 its
818 2951 990 2998 consequentes.
1007 2945 1032 2983 to
1049 2936 1088 2983 the
1105 2946 1195 2996 present
1213 2937 1277 2983 time.
1311 2935 1353 2994 Cp.

151 3001 284 3056 influentisl.
296 3000 446 3056 subinnuat:
461 3002 563 3062 opposed
580 3000 690 3062 severally
702 3010 727 3048 to
778 3001 1200 3063 Inn.13.17.2‘Sieumnondum
1216 3001 1270 3048 setis
1284 3000 1354 3046 habes

155 3068 277 3120 inutilis,
297 3067 450 3120 insidiosa,
465 3065 727 3128 lubrics.‘profitless.
778 3066 906 3130 cognitum,
924 3067 967 3113 tibi
989 3081 1042 3113 eum
1064 3066 1225 3122 commendo;'
1248 3065 1293 3112 and
1316 3080 1353 3111 see

152 3131 289 3186 obnoxious,
301 3129 443 3191 precarious.⁸
780 3131 860 3180 Madv.
873 3135 886 3191 ξ
899 3144 956 3193 427.

185 3212 209 3261 p
229 3197 413 3252 condonavit.
436 3196 493 3244 ‘has
510 3196 625 3243 sacrificed
644 3197 674 3242 sll
694 3193 729 3244 his
815 3205 851 3258 17.
871 3198 1022 3245 Domestici
1043 3198 1165 3244 doloris:
1181 3196 1221 3242 the
1236 3195 1355 3242 assassina·

152 3263 241 3324 prirate
252 3261 370 3309 cumines:
780 3262 829 3308 tion
840 3261 868 3308 oi
877 3263 968 3310 Caesar.

190 3339 227 3376 ιο.
257 3327 444 3375 Consiliorum
469 3327 487 3373 is
510 3343 523 3373 s
546 3326 677 3386 conjecture
704 3326 732 3372 oi
814 3327 892 3387 Quae
915 3328 975 3388 plus
1000 3329 1095 3388 possit.
1116 3335 1157 3372 'so
1178 3341 1202 3373 as
1230 3335 1255 3373 to
1281 3326 1356 3390 weigh

155 3395 253 3440 Faernus
273 3401 299 3438 to
321 3391 402 3453 supply
424 3407 453 3438 an
475 3391 574 3438 obvious
596 3401 667 3447 erant.
689 3391 729 3438 the
780 3390 860 3439 more.'

154 3458 249 3520 reading
260 3459 288 3502 oi
302 3455 342 3503 the
353 3457 451 3504 vatican
469 3455 518 3504 MS.
530 3456 600 3520 being
610 3457 729 3504 ‘omnium
815 3457 1177 3517 20.Q10d...temeritatis,
1190 3455 1357 3504 'whichotben

154 3532 225 3584 atque
247 3521 377 3570 factorum!
426 3521 543 3569 ‘Consilia
566 3531 636 3582 atque
657 3521 729 3569 lacta'
780 3521 946 3568 soisslshould
965 3528 1007 3567 not
1025 3521 1114 3568 dareto
1131 3522 1233 3575 daldae.
1268 3521 1357 3569 Ernesti

154 3604 193 3636 are
205 3587 313 3649 similarly
331 3586 407 3648 Joined
425 3587 449 3633 in
463 3599 500 3634 ιο.
515 3598 552 3640 so,
566 3598 612 3642 20:
632 3599 729 3648 11,23;
781 3601 886 3646 supposes
894 3601 923 3632 sn
931 3586 1066 3633 alternative
1074 3587 1147 3633 clause
1155 3597 1180 3633 to
1188 3587 1247 3634 heve
1257 3587 1357 3648 dropped

154 3655 200 3700 and
212 3653 236 3700 in
248 3651 287 3700 the
298 3651 378 3712 speech
389 3653 418 3699 de
429 3651 496 3699 Prov.
508 3652 578 3700 Cons.
589 3665 614 3715 9.
628 3663 665 3700 ao.
781 3661 822 3698 out
833 3652 891 3698 efter
902 3651 1064 3705 ‘temeritatis'
1073 3651 1128 3698 such
1135 3666 1160 3699 as
1171 3653 1226 3698 ‘nisi
1234 3667 1285 3699 eum
1292 3653 1359 3712 plane

191 3719 231 3768 nd
264 3733 320 3766 rem
356 3718 492 3778 publicam
529 3719 651 3771 accessit,
685 3717 731 3764 ‘he
781 3716 1173 3778 perspectumhsberem.'butthis
1186 3719 1359 3780 meysasilybe

154 3783 248 3832 entered
263 3798 294 3830 on
311 3797 326 3828 a
343 3782 418 3842 public
434 3797 509 3828 esreer
523 3791 547 3828 to
564 3781 679 3836 establish.
690 3791 731 3830 not
783 3782 884 3842 supplied
897 3781 956 3828 from
966 3781 1005 3828 the
1015 3789 1118 3828 context.

156 3859 182 3898 to
193 3847 333 3904 overthrow,
345 3847 385 3896 the
396 3847 473 3908 public
484 3848 574 3908 salety!
818 3859 856 3893 ss.
876 3847 1020 3902 Promitte,
1044 3848 1157 3908 recipio.
1177 3850 1308 3908 spondeo,
1333 3847 1359 3892 ‘l

192 3925 230 3962 12.
250 3914 345 3961 llabeo
362 3914 498 3977 cognitos.
532 3911 590 3959 This
601 3911 734 3973 periphrasis
784 3910 1361 4022 promise,undertake‚pledpemyselflthethree

157 3982 194 4028 ior
208 3978 248 4026 the
267 3977 353 4039 perfect
370 3978 452 4031 active.
465 3977 511 4024 like
528 3977 568 4024 the
584 3977 663 4026 Greek
679 3992 735 4024 con·
784 3977 859 4024 words
871 3976 972 4040 lonning
983 3977 1094 4032 aclimax,
1111 3977 1361 4039 romamerepromise

157 4044 269 4093 struction
289 4042 346 4089 with
366 4042 405 4090 the
426 4043 498 4090 active
518 4042 587 4090 aorist
609 4042 733 4103 paniciple.
785 4043 934 4089 tossolemu
949 4043 1018 4088 hond.
1052 4043 1179 4103 ‘Recipio,'
1198 4044 1221 4089 in
1239 4043 1279 4090 the
1297 4057 1361 4090 sense

158 4111 212 4171 (ebs
229 4106 273 4166 uls
290 4105 413 4170 reperires,
432 4107 475 4155 eds
495 4108 515 4154 δ’
534 4104 650 4166 ἀτιμάσας
674 4107 735 4168 ἔχει,
785 4108 813 4154 oi
821 4106 985 4170 takingarisk
998 4121 1058 4167 upon
1070 4109 1164 4162 onesell'‚
1173 4107 1361 4172 isdlstinguished

156 4174 227 4235 Soph.
236 4175 291 4220 Ant.
304 4173 353 4231 aa)
363 4172 382 4219 is
393 4187 406 4220 s
419 4181 468 4234 step
480 4173 579 4220 towards
589 4171 630 4220 the
638 4174 734 4220 modern
785 4173 845 4220 from
862 4172 1001 4234 ‘polliceor‚'
1019 4172 1068 4220 Att.
1088 4185 1124 4232 15.
1144 4185 1164 4227 r,
1182 4186 1194 4221 s
1213 4173 1263 4218 ‘De
1274 4181 1362 4220 aestate

158 4237 736 4353 tttrl’lrtzlttf'ttult²¹''tl:l¹ttt
784 4237 1363 4354 u¹¹122¹2312tgq¹³⁰;“0⁵f¹⁸='uuqng

159 4369 323 4418 thesetionoi
338 4367 377 4416 the
389 4370 444 4416 resb
460 4319 621 4422 continuesfin
633 4337 695 4430 itsdll
709 4383 736 4418 or
786 4317 1003 4428 mauerdcipiof
1046 4314 1069 4362 ³⁸
1110 4311 1132 4364 ⁷⁹
1155 4313 1169 4361 ὃ
1225 4317 1255 4360 po
