2998 4706
119 263 272 320 §tle-19.
431 253 602 316 ORATIO
631 257 906 320 PHILIPPICA
934 259 1017 320 XII.
1255 271 1314 338 277

21 465 22 468 ,
117 419 151 473 et
173 429 229 475 eos
250 413 305 495 qui
327 433 392 477 una
413 423 500 500 sunt,
523 417 558 478 in
581 425 684 480 totam
706 416 843 501 denique
865 417 915 481 M.
931 420 1071 483 Antonii
1092 417 1224 482 domurn
1246 435 1317 479 sum

21 567 23 606 7
56 530 104 578 aa
117 532 242 598 semper
268 517 425 581 invectus.
480 517 591 602 Itaque
621 530 657 583 ut
686 521 808 586 alacres
835 531 868 586 et
898 523 975 586 laeti
1010 541 1066 606 spe
1093 523 1181 606 pacis
1210 520 1318 584 oblata

118 618 206 681 inter
225 638 260 682 se
284 621 378 705 impii
404 622 504 706 cives,
527 624 617 705 quasi
640 625 807 709 vicissent,
828 627 1079 710 gratulabantur,
1101 627 1150 689 sic
1173 645 1225 688 me
1253 625 1317 686 ini-

20 781 22 792 ,
115 739 214 803 quum
235 725 413 809 eierabant,
435 724 474 788 de
497 744 549 788 me
570 725 800 809 querebantur:
828 728 1015 794 diffidebant
1038 731 1139 793 etiam
1161 729 1317 809 Servilio,

20 913 22 920 s
116 827 334 890 meminerant
359 829 430 892 eius
452 831 628 893 sententiis
653 830 812 894 confixum
838 831 1038 897 Antonium:
1068 832 1106 896 L.
1130 831 1346 914 Caesarem‚⁵

20 1017 23 1028 ,
115 926 234 993 fortem
248 930 377 1013 quidem
397 932 489 995 illurn
504 942 538 997 ct
552 941 758 998 constantem
777 945 970 1021 senatorem,
985 936 1178 1000 avunculum
1192 943 1316 1017 tamen,

115 1030 276 1096 Calenum
303 1046 550 1120 procuratorem,
575 1035 728 1100 Pisonem
753 1038 966 1102 familiarem:
996 1050 1031 1102 te
1058 1039 1175 1124 ipsum,
1201 1037 1316 1122 Pansa,

116 1136 439 1202 vehementissimum
464 1149 499 1206 et
524 1139 737 1204 fortissimum
762 1143 939 1225 consulem,
964 1142 1086 1206 factum
1113 1144 1179 1205 iam
1201 1149 1317 1225 putant

19 1229 22 1236 ’
116 1237 294 1305 leniorem:
326 1260 392 1306 non
420 1261 485 1326 quo
515 1244 561 1306 ita
590 1245 635 1308 sit
664 1254 720 1309 aut
749 1264 818 1308 esse
849 1247 961 1328 possit,
991 1245 1047 1308 sed
1078 1246 1204 1308 mentio
1233 1263 1253 1306 a
1281 1251 1315 1306 te

115 1342 201 1406 stacta
238 1346 326 1428 pacis
362 1347 578 1430 suspicionem
616 1347 727 1410 multis
763 1347 874 1416 attulit
907 1349 1098 1415 immutatae
1128 1348 1315 1410 voluntatis.
1334 1363 1364 1398 ιο

116 1443 204 1510 Inter
239 1447 297 1512 has
333 1469 485 1533 personas
521 1469 574 1512 me
611 1451 820 1514 interiectum
860 1451 959 1520 amici
996 1451 1136 1514 Antonii
1180 1449 1315 1512 moleste

19 1541 20 1544 '
115 1549 242 1613 femnt:
271 1551 384 1635 quibus
405 1553 561 1637 gerendus
587 1572 656 1617 mos
680 1562 742 1638 est,
764 1555 918 1637 quoniam
944 1552 1045 1616 semel
1072 1553 1219 1616 liberales
1246 1572 1316 1614 esse

19 1643 20 1650 '
69 1649 290 1737 8coepimus
343 1654 586 1720 Proficiscantur
617 1657 715 1740 legati
744 1659 879 1741 optimis
904 1657 1080 1740 ominibus,
1104 1656 1158 1718 sed
1189 1656 1215 1717 ii
1245 1673 1317 1738 pro-

18 1823 19 1828 ,
60 1735 101 1783 ¹⁹
117 1755 310 1844 ficiscantur,
340 1760 376 1821 in
405 1760 519 1842 quibus
549 1779 614 1822 non
644 1757 823 1823 offendatur
852 1761 1026 1824 Antonius.
1084 1757 1179 1845 Qud
1213 1761 1240 1822 si
1276 1758 1316 1821 de

118 1861 264 1926 Antonio
287 1881 352 1926 non
377 1862 540 1946 laboratis,
570 1862 652 1926 mibi
680 1871 778 1942 certe,
804 1873 909 1946 patres
938 1864 1124 1947 conscripti,
1150 1863 1314 1928 consulere
1333 1879 1361 1930 ¹5

116 1963 249 2028 debetis.
279 1964 407 2029 Parcite
422 1965 523 2030 oculis
538 1967 653 2030 saltem
668 1967 751 2032 meis
765 1975 799 2028 et
814 1967 953 2051 aliquam
965 1968 1096 2030 veniam
1111 1967 1198 2030 iusto
1212 1966 1315 2029 dolori

117 2069 201 2132 date.
245 2069 321 2156 Qo
335 2070 425 2131 enim
445 2069 597 2154 adspectu
613 2069 722 2132 videre
744 2072 1020 2152 potero-omitto
1037 2071 1163 2134 bostem
1182 2071 1315 2154 patriae,

117 2191 156 2234 ex
184 2191 247 2255 quo
276 2172 357 2234 mibi
386 2171 497 2235 odium
527 2174 564 2234 in
594 2172 686 2241 illum
715 2191 887 2238 commune
914 2174 1079 2238 vobiscum
1110 2181 1222 2236 est-2
1259 2173 1315 2236 sed

116 2293 179 2358 quo
209 2275 304 2340 modo
331 2275 509 2360 adspiciam
539 2276 620 2338 mihi
650 2276 706 2338 uni
736 2274 991 2345 crudelissimum
1021 2277 1158 2360 hostem,
1190 2285 1227 2339 ut
1260 2275 1316 2339 de·

116 2379 240 2443 clarant
255 2381 324 2443 eius
339 2379 379 2443 de
393 2398 447 2442 me
466 2379 693 2442 acerbissimae
713 2380 906 2442 contiones?
950 2379 1084 2442 Adeone
1106 2399 1158 2441 me
1178 2379 1315 2443 ferreum
1330 2400 1362 2435 πο

117 2481 247 2566 putatis,
277 2492 312 2546 ut
337 2501 411 2546 curn
440 2501 480 2546 eo
509 2481 660 2565 congredi
690 2491 746 2546 aut
771 2481 863 2544 illum
892 2481 1055 2566 adspicere
1081 2483 1226 2565 possim?
1259 2485 1314 2566 qui

117 2605 229 2670 nuper,
252 2605 325 2650 cum
352 2587 388 2649 in
411 2587 564 2652 oontione
591 2586 724 2650 donaret
746 2603 813 2668 eos,
836 2585 890 2667 qui
914 2585 945 2646 ei
967 2584 1008 2650 de
1030 2585 1196 2669 parricidis
1219 2586 1316 2651 auda·

116 2746 175 2848 hi1.
194 2735 249 2795 Qui
269 2749 321 2783 uns
341 2731 546 2790 sunt‚.'srbosre
559 2731 694 2796 swaywith
779 2745 816 2844 pp.
836 2733 957 2844 0,ιιί1)ιιι.τ
962 2735 1097 2844 gerendus
1116 2747 1173 2782 mos
1196 2742 1245 2844 εἲ,
1265 2731 1316 2791 dte..

142 2800 181 2848 m?
743 2802 781 2846 ‘ss
798 2811 838 2844 om
850 2811 936 2844 wemu
980 2811 1071 2852 umoris,
1080 2811 1141 2846 unce
1149 2812 1201 2846 com
1241 2799 1316 2846 isanee

150 2879 174 2928 4
195 2866 353 2918 Eiersbsut.
386 2863 462 2925 'they
486 2863 599 2926 solearmly
631 2861 694 2913 chal·
743 2862 813 2910 isthe
824 2863 891 2910 order
900 2865 928 2909 oi
936 2861 1043 2925 rheday:
1069 2813 1316 2927 llismesnirlgisthst

116 2931 200 2994 lenged
211 2945 252 2992 my
260 2930 420 2990 appointment
428 2944 454 2976 ss
465 2929 535 2992 being
545 2927 692 2990 preJudlced'
742 2929 803 2978 since
822 2928 863 2975 the
885 2937 963 2976 senate
981 2943 1040 2978 were
1060 2929 1115 2975 bent
1134 2943 1165 2976 on
1183 2931 1316 2994 complying

117 2997 161 3056 Cp.
173 2997 202 3042 de
218 2996 285 3042 Orat.
299 3009 320 3043 a.
333 3003 372 3057 70.
388 2992 434 3057 285
452 2995 527 3042 'Cum
543 2993 642 3055 Scipioni
657 2993 692 3040 M.
742 2994 800 3041 srlth
811 2993 850 3040 the
861 2993 942 3041 wishes
953 2995 981 3042 ol
988 2994 1028 3042 the
1039 2993 1122 3041 fnmds
1133 2995 1162 3041 oi
1170 2996 1272 3057 antony,
1284 2998 1316 3057 by

117 3063 212 3108 Flaccus
233 3061 311 3108 multis
327 3059 416 3120 probris
433 3060 528 3107 obiectis
544 3061 570 3106 P.
588 3059 692 3106 Mucium
743 3059 838 3122 sending
849 3073 936 3121 envoys
947 3069 973 3106 to
989 3059 1045 3114 him.
1057 3059 1075 3105 it
1087 3073 1134 3106 vas
1147 3075 1160 3106 a
1174 3061 1225 3122 pity
1236 3069 1278 3108 not
1289 3072 1316 3108 to

118 3127 218 3175 iudicem
233 3126 329 3180 tulisset,
344 3125 456 3181 “EleroJ'
473 3125 560 3186 inquit:
578 3125 692 3185 “iniquus
742 3140 808 3186 earry
819 3133 860 3171 out
871 3123 916 3172 this
927 3126 1039 3186 policyto
1050 3126 1080 3172 its
1091 3123 1130 3170 lull
1142 3126 1317 3188 extentbylet·

117 3192 175 3240 est.''
219 3193 279 3240 cnm
301 3197 359 3238 esset
382 3191 586 3246 marmoratum,
609 3185 693 3244 “Ab''
742 3191 793 3253 ting
804 3189 868 3238 them
879 3191 926 3237 also
934 3189 1317 3244 choosetheirownsmbassadors.

118 3259 201 3320 inquit,
213 3256 301 3312 ‘'P.C..
318 3269 366 3302 nou
382 3271 427 3320 ego
438 3255 495 3303 mibi
512 3256 577 3302 illum
588 3255 693 3316 iniquum
779 3267 815 3318 19.
835 3255 907 3306 Mihi
928 3257 984 3312 uni,
998 3259 1040 3302 ‘to
1058 3269 1097 3302 me
1112 3256 1248 3319 epemuy:
1262 3259 1286 3304 in
1301 3276 1315 3308 ι

116 3325 187 3377 eiero.
199 3337 278 3369 suum
289 3321 433 3369 omnibus.'''
743 3320 825 3383 degree
836 3321 860 3366 in
872 3319 948 3367 which
959 3319 1018 3368 heis
1029 3321 1090 3368 cruel
1101 3328 1127 3368 to
1138 3335 1169 3368 no
1176 3337 1220 3369 one
1230 3323 1283 3374 else.

153 3388 282 3442 Servilio.
310 3385 354 3436 hc.
395 3387 432 3434 lle
466 3386 520 3434 here
550 3395 694 3434 enumeratas
777 3386 901 3434 21.0un
924 3387 1114 3434 eo...illum.
1156 3385 1209 3434 The
1228 3388 1318 3456 change

117 3453 158 3501 the
172 3453 239 3500 other
252 3453 444 3508 commissioners,
455 3453 534 3516 giving
549 3451 589 3499 the
602 3465 693 3499 reasons
743 3450 772 3497 of
790 3465 895 3511 pronoun
914 3452 932 3499 is
950 3450 1086 3508 nodeeable,
1104 3450 1146 3499 but
1167 3453 1186 3498 is
1205 3455 1316 3517 probably

116 3518 173 3581 sshy
184 3518 240 3581 they
255 3518 337 3566 should
352 3517 462 3579 merely
475 3518 504 3565 be
517 3517 651 3564 favoursble
667 3523 693 3562 to
744 3517 830 3578 merely
842 3517 877 3564 lor
888 3515 1002 3579 euphonic
1017 3531 1117 3572 reasons,
1128 3532 1153 3564 as
1167 3517 1232 3565 there
1243 3535 1316 3568 seems

117 3587 222 3646 Antony‚
233 3598 261 3630 or
272 3583 311 3630 the
322 3597 417 3630 reverse
743 3590 769 3629 to
782 3581 812 3628 be
829 3597 860 3628 no
875 3583 989 3630 variation
1007 3582 1036 3629 ot
1049 3583 1158 3647 meaning
1176 3593 1201 3630 to
1217 3595 1315 3633 account

151 3647 175 3697 6.
194 3649 302 3698 Fortem
339 3649 449 3712 quidem
487 3648 573 3696 illum.
623 3646 693 3695 llelm
743 3647 815 3694 ioris.

118 3715 174 3763 bere
185 3728 296 3775 spprores
307 3714 336 3761 oi
348 3713 389 3761 the
400 3713 531 3778 suggestion
543 3714 572 3759 of
580 3712 693 3766 Muretus.
778 3723 815 3759 aa.
835 3713 958 3762 Donaret
981 3727 1028 3760 eos
1041 3747 1048 3760 .
1060 3747 1066 3760 .
1078 3747 1084 3760 .
1097 3715 1167 3761 bona
1192 3716 1316 3765 donaret.

117 3787 124 3808 ⁸
135 3781 219 3829 sortem
231 3779 295 3826 illurn
306 3778 413 3840 quidem·
425 3793 450 3826 ss
458 3778 523 3825 there
534 3777 659 3841 isnothiug
670 3777 693 3822 iu
743 3775 796 3824 'l'he
804 3778 865 3824 close
876 3778 1026 3837 conjunctiora
1037 3778 1065 3825 os
1070 3777 1134 3824 these
1142 3787 1190 3826 two
1201 3789 1317 3828 construc-

118 3845 165 3894 this
183 3845 260 3893 clause
279 3851 305 3891 to
318 3845 399 3907 iustin
418 3858 448 3891 sn
468 3844 589 3905 exception
607 3850 634 3889 to
653 3841 693 3889 the
743 3841 953 3890 tionssrith·dono'
961 3842 1035 3890 shows
1042 3843 1081 3889 the
1089 3842 1316 3894 differencebetsseen

221 3910 269 3957 sule
280 3909 332 3957 that
341 3911 365 3956 iu
374 3909 430 3958 such
438 3910 568 3958 contusise
576 3918 693 3956 sentences
742 3907 822 3962 therne
845 3907 885 3954 the
902 3908 1031 3955 accusative
1048 3909 1072 3955 in
1094 3907 1151 3956 each
1174 3925 1226 3958 ease
1248 3912 1317 3977 being

119 3975 240 4038 'quidun'
251 3975 333 4023 should
339 3972 694 4037 oulybesttschedtopersonal
741 3973 796 4021 used
808 3971 836 4020 of
843 3971 883 4020 tlte
894 3973 971 4034 object
986 3972 1063 4020 whose
1080 3973 1183 4022 interests
1200 3991 1239 4022 are
1254 3986 1317 4025 most

117 4055 242 4104 pronouns.
275 4040 317 4088 See
333 4039 599 4102 Msds.§489b.‚and
614 4052 695 4100 excep·
743 4039 874 4100 prominent
894 4038 917 4084 in
938 4037 978 4085 the
998 4039 1090 4086 writer’s
1108 4040 1180 4086 mind.
1220 4042 1315 4104 Antony

117 4107 179 4155 tious
196 4107 220 4153 in
238 4119 260 4154 s.
281 4119 304 4167 3.
322 4103 339 4154 6
356 4107 402 4154 sud
422 4115 462 4166 15,
483 4118 522 4168 39.
556 4105 593 4151 lle
610 4103 695 4151 admits
743 4103 948 4167 wconsiderlng
967 4103 1021 4150 huss
1036 4103 1066 4152 he
1082 4103 1164 4152 should
1179 4107 1267 4152 reward
1281 4106 1317 4154 his

117 4173 226 4221 however
245 4170 298 4218 that
315 4169 339 4219 6.
359 4182 380 4227 ι,
401 4183 411 4218 r
432 4170 527 4218 ‘Minus
544 4169 637 4232 quidem
656 4169 694 4216 illa
743 4169 804 4216 band
816 4167 845 4214 of
852 4169 1047 4224 morderem—so
1061 4170 1096 4217 fas
1105 4170 1146 4218 the
1161 4171 1281 4231 recipients
1292 4173 1320 4219 oi

117 4251 196 4286 severe
207 4251 277 4299 quam
290 4237 375 4292 decuit,
387 4251 434 4285 non
449 4245 528 4283 tamen
544 4235 639 4283 omnino
650 4235 695 4282 dis·
743 4234 778 4282 his
791 4235 880 4296 bounty
891 4249 951 4283 were
965 4243 1097 4294 uppermost
1111 4235 1135 4281 in
1149 4235 1183 4282 his
1196 4237 1315 4299 thoughts.

118 4304 208 4359 solute:
219 4303 238 4350 is
249 4317 278 4348 an
294 4310 361 4350 exact
378 4302 470 4364 parallel
487 4310 514 4347 to
531 4299 571 4348 the
586 4301 694 4361 ordinary
743 4301 822 4346 -snd
832 4298 888 4347 then
899 4301 923 4346 in
940 4301 1082 4364 considering
1094 4315 1157 4362 ways
1171 4302 1217 4348 and
1228 4316 1316 4358 means,

116 4369 210 4432 reading
221 4367 282 4416 here.
745 4364 784 4413 the
796 4375 904 4428 property
915 4365 942 4412 oi
950 4365 1032 4413 Cicero
1042 4365 1149 4414 occurred
1162 4374 1190 4412 to
1200 4366 1257 4422 blm,
1269 4369 1314 4415 and
