2868 4700
89 253 249 310 §tw-m.
422 250 591 312 ORATIO
619 252 902 316 PHILIPPICA.
920 255 969 316 II.
1258 267 1301 337 55

91 403 306 491 Qamquam
340 409 418 473 illud
446 410 521 495 fuit,
549 423 584 475 ut
614 412 744 476 dicebas
772 415 913 498 quidem,
942 415 1092 478 omnibus
1120 415 1216 498 bon0,
1245 415 1300 497 qui

92 511 219 573 servire
235 511 403 597 nolebant,
417 515 480 577 tibi
501 523 611 579 tamen
634 518 814 602 praecipue,
828 519 883 602 qui
903 538 969 583 non
988 517 1084 582 modo
1103 537 1168 581 non
1187 519 1300 601 servis,

89 613 149 676 sed
165 617 270 678 etiam
287 637 414 701 regnas,
429 620 483 700 qui
499 621 641 683 maximo
654 628 689 683 te
703 641 776 684 aere
791 621 900 686 alieno
914 622 955 686 ad
975 621 1088 685 aedem
1104 621 1187 706 Opis
1205 622 1301 684 liber-

89 719 210 802 avisti,
236 721 293 802 qui
323 739 379 805 per
407 722 536 785 easdem
564 723 690 786 tabulas
714 725 982 789 innumerabilem
1008 727 1178 810 pecuniam
1205 723 1299 790 dissi-

88 823 228 905 pavistl,
246 822 290 886 ad
311 843 407 906 quem
431 844 449 886 e
471 823 567 888 domo
588 826 737 892 Caesaris
760 837 830 892 tam
852 830 953 893 multa
974 829 1081 894 delata
1103 838 1188 912 sunt,
1211 829 1327 900 cuiuss

91 924 186 988 domi
209 929 496 1010 quaestuosissima
519 938 567 992 est
589 930 740 994 falsorum
762 935 1066 996 commentariorum
1089 942 1122 996 et
1141 933 1301 1014 chirogra-

89 1029 230 1113 phorum
248 1030 391 1115 officina
411 1051 568 1117 agrorum,
586 1034 785 1119 oppidorum,
807 1037 1075 1121 immunitatium,
1091 1035 1300 1118 vectigalium
1413 1113 1419 1124 .

39 1157 74 1202 se
89 1132 372 1218 flagitiosissimae
387 1135 560 1200 nundinae.
599 1137 733 1202 Etenim
746 1159 828 1222 quae
842 1160 893 1203 res
907 1142 1043 1225 egestati
1058 1149 1093 1204 et
1107 1141 1174 1204 aeri
1190 1139 1300 1202 alieno
1345 1142 1370 1187 1¹
1411 1174 1421 1207 I

88 1245 151 1301 tuo
173 1247 304 1322 praeter
326 1247 465 1303 mortem
486 1239 637 1305 Caesaris
659 1242 829 1307 subvenire
850 1244 1028 1328 potuisset?
1072 1244 1200 1306 Nescio
1223 1241 1298 1326 quid
1330 1244 1334 1252 '

89 1344 307 1406 conturbatus
322 1361 392 1406 esse
407 1343 545 1406 videris:
568 1364 645 1408 num
663 1344 739 1429 quid
759 1347 916 1410 subtimes
932 1367 973 1410 ne
989 1346 1029 1409 ad
1045 1356 1078 1410 te
1097 1346 1157 1409 hoc
1175 1346 1299 1408 crimen
1316 1369 1346 1404 ιο

88 1447 259 1528 pertinere
275 1445 444 1510 videatur?
488 1446 606 1512 Libero
620 1459 654 1511 te
671 1458 777 1512 metu:
800 1470 897 1514 nemo
913 1449 1022 1514 credet
1037 1467 1210 1530 umquam,
1232 1466 1299 1510 non

88 1559 143 1612 est
158 1559 253 1613 tuum
268 1550 309 1612 de
324 1570 359 1612 re
374 1551 501 1634 publica
516 1552 597 1614 bene
617 1555 753 1636 mereri,
775 1554 871 1617 habet
887 1555 982 1617 istius
999 1551 1204 1636 pulcherrimi
1220 1551 1299 1613 facti

88 1651 295 1716 clarissimos
310 1655 397 1716 viros
412 1675 462 1718 res
477 1655 603 1738 publica
616 1665 779 1720 auctores:
799 1677 859 1740 ego
873 1665 907 1721 te
921 1666 1051 1721 tantum
1065 1653 1200 1740 gaudere
1215 1654 1299 1738 dico,

87 1756 210 1819 fecisse
238 1776 306 1820 non
329 1776 436 1841 arguo,
480 1757 646 1843 Respondi
673 1761 824 1824 maximis
848 1761 1060 1824 criminibus:
1087 1778 1171 1824 nunc
1198 1759 1299 1823 etiam

90 1859 229 1942 reliquis
244 1860 500 1944 respondendum
516 1871 575 1926 est.
1316 1879 1344 1930 ¹5

33 1961 76 2026 15
135 1962 257 2028 Castra
280 1965 360 2026 mihi
377 1962 509 2048 Pompei
531 1974 627 2048 atque
651 1966 729 2028 illud
751 1985 848 2029 omne
870 1975 996 2050 tempus
1018 1966 1178 2029 obiecisti.
1223 1963 1299 2050 Qu

45 2085 77 2132 ³7
90 2067 226 2148 quidem
237 2077 382 2151 tempore
393 2070 434 2152 si,
444 2078 479 2131 ut
493 2068 572 2152 dixi,
584 2087 691 2132 meum
704 2070 875 2133 consilium
887 2071 1121 2152 auctoritasque
1133 2068 1298 2152 valuisset,

91 2179 127 2234 tu
155 2171 253 2234 bodie
280 2191 400 2256 egeres,
427 2191 485 2236 nos
511 2174 604 2236 liberi
630 2191 783 2256 essemus,
808 2193 857 2236 res
882 2173 1008 2256 publica
1036 2191 1102 2236 non
1131 2180 1181 2234 tot
1203 2171 1300 2234 duces

92 2285 127 2336 et
143 2275 304 2338 exercitus
319 2276 490 2339 amisisset.
536 2275 650 2340 Fateor
664 2277 754 2340 enim
774 2295 837 2361 me,
858 2297 931 2340 cum
952 2297 990 2340 ea
1010 2295 1091 2358 quae
1113 2274 1300 2339 acciderunt

91 2377 297 2462 providerem
312 2379 429 2463 mena,
444 2388 537 2443 tanta
560 2381 595 2441 in
614 2379 779 2442 maestitia
799 2380 909 2464 fuisse,
923 2390 1043 2464 quanta
1061 2381 1160 2443 ceteri
1182 2379 1298 2462 optimi
1314 2401 1346 2438 ee

127 2617 150 2652 t.
168 2603 243 2650 lllud
272 2603 334 2660 fuit,
357 2612 387 2650 ut
411 2604 524 2651 dicebas
554 2603 673 2666 quidem.
757 2617 827 2664 e.15.
847 2602 881 2652 To
895 2613 990 2666 paura
1011 2603 1096 2666 ligbrsr
1118 2603 1299 2650 scortatione.-

91 2670 123 2716 So
141 2669 221 2724 Halm.
234 2670 295 2716 stom
313 2669 354 2716 the
371 2671 464 2733 reading
476 2669 504 2715 of
518 2669 558 2717 the
575 2669 673 2716 Vatican
723 2669 854 2732 Asdfirst,
865 2669 900 2717 bis
915 2669 1047 2716 conductis
1063 2669 1099 2716 tbe
1115 2667 1162 2714 last
1176 2669 1299 2731 campaign

90 2733 143 2782 ΜΒ.
161 2735 232 2782 ‘illud
244 2735 296 2790 brit,
309 2744 335 2782 tu
346 2744 373 2783 nt
383 2735 474 2782 dicebas
483 2733 591 2796 quidem!
621 2734 673 2781 The
723 2735 779 2781 with
801 2736 910 2796 Pompey.
944 2733 995 2782 ‘He
1021 2749 1070 2780 was
1098 2743 1135 2780 tao
1163 2733 1221 2788 sad:
1248 2747 1299 2794 says

89 2800 339 2864 mmmmmdmgis
355 2801 426 2848 Μ
441 2799 535 2862 quidem
546 2801 672 2856 fuissem
722 2801 824 2860 enemy.
864 2800 914 2848 Noe
935 2809 973 2847 roo
989 2799 1300 2864 aad‚ur01y‚eonstdertng

91 2867 186 2913 dicebas
193 2867 208 2922 ;'
236 2867 297 2914 from
315 2865 392 2913 which
413 2865 519 2928 Madvig.
541 2866 625 2926 Oposc.
651 2878 672 2914 1.
722 2866 758 2912 ebs
771 2865 843 2927 per-ils
859 2867 889 2926 of
900 2865 936 2912 tIss
951 2873 1014 2919 uate,
1025 2864 1075 2911 arrd
1088 2864 1124 2910 tbe
1140 2863 1230 2912 critical
1236 2865 1299 2926 posi·

90 2946 113 2992 p.
128 2941 185 2992 207,
202 2932 344 2992 conjectures
356 2937 362 2958 ⁸
372 2941 397 2978 ut
409 2942 458 2979 tum
470 2931 575 2981 dicebar:
590 2947 620 2978 on
632 2930 673 2978 the
722 2933 769 2978 don
782 2932 812 2992 os
822 2947 847 2978 ro
864 2946 933 2990 nsany
949 2931 1015 2978 noble
1026 2945 1084 2978 mse.
1118 2928 1170 2976 'Ile
1185 2929 1301 2978 mmm

92 2997 184 3059 ground
208 2997 260 3044 that
282 2997 351 3044 while
373 3013 404 3044 no
421 2996 541 3044 antithesis
559 2997 578 3044 is
594 3006 672 3044 meant
722 2998 823 3059 Pompsy
840 2997 867 3057 by
883 2996 917 3044 bis
934 2993 1014 3056 lmiry!
1047 2995 1186 3056 asperim
1202 2995 1245 3043 did
1259 3004 1300 3042 not

92 3065 199 3109 between
214 3062 255 3110 the
265 3063 341 3110 words
356 3064 489 3125 oiAntony
502 3063 545 3109 and
563 3063 630 3110 those
648 3063 677 3109 oi
723 3061 832 3110 bearrbr'r
851 3071 897 3116 oar,
913 3077 958 3108 nor
979 3062 1014 3109 bis
1036 3059 1151 3108 weltes
1165 3059 1299 3122 srissdsbrp

92 3127 255 3182 otheratbere
263 3129 415 3176 isacontrast
424 3129 531 3176 between
540 3127 575 3175 his
583 3138 673 3190 present
723 3127 778 3175 aab
799 3129 907 3189 Pomm,
923 3141 968 3174 nar
987 3126 1022 3173 tbs
1043 3125 1159 3184 testimony
1181 3125 1250 3174 bom
1272 3126 1299 3185 by

91 3194 139 3240 and
148 3194 184 3240 his
197 3193 282 3240 former
289 3194 373 3255 poliey.
391 3193 443 3240 The
454 3194 564 3240 occasion
575 3193 674 3241 referred
723 3193 824 3255 Pompsy
835 3201 858 3240 ro
869 3192 903 3239 bis
919 3193 996 3239 merite
1006 3191 1094 3254 dese-ing
1103 3190 1137 3239 bis
1141 3189 1206 3252 final
1215 3189 1298 3254 slight.

93 3267 120 3306 to
137 3259 156 3306 is
174 3260 289 3321 probably
304 3259 344 3307 the
367 3259 425 3322 t7th
447 3259 475 3306 oi
497 3259 586 3316 March,
606 3259 675 3306 when
727 3257 839 3306 ibiswas
856 3258 892 3305 ebe
908 3266 1014 3321 swanger
1026 3257 1102 3318 praes
1118 3257 1149 3317 os
1158 3255 1298 3318 fiissdsbip,

92 3325 192 3386 Antony
202 3327 271 3373 made
283 3325 318 3372 bis
334 3325 487 3387 conciliatory
499 3325 581 3386 speech
592 3324 617 3371 in
634 3324 674 3372 the
723 3323 783 3370 sisse
795 3323 874 3371 Oiesro
884 3323 934 3371 bad
944 3323 997 3370 beers
1009 3321 1147 3386 throughout
1162 3321 1261 3382 opposed
1276 3330 1299 3370 ta

93 3391 181 3452 tensple
193 3391 222 3438 oi
230 3390 315 3438 Tellus.
724 3387 843 3451 Pampey's
860 3388 944 3450 poley,
955 3388 1051 3501 mnf.
1065 3387 1152 3446 always
1173 3387 1301 3434 advocaud

127 3469 150 3516 3.
168 3457 210 3503 Ad
230 3456 325 3504 aedem
348 3456 424 3517 Opis.
458 3456 542 3503 Seeon
557 3467 577 3504 t.
593 3465 674 3517 7,17;
720 3463 790 3516 peace
806 3470 833 3502 as
848 3455 884 3502 tbe
900 3454 970 3516 objsa
985 3463 1008 3502 ta
1058 3451 1215 3516 firrtsorsgbt
1230 3453 1299 3513 aster,

93 3521 461 3585 andep.c.37.93;5.4.tr.
723 3518 1140 3582 semassonumm'esofdr'gniry.

127 3599 151 3648 5.
170 3587 211 3634 Ad
230 3601 317 3647 quern,
338 3587 384 3634 &a
416 3587 459 3635 See
476 3587 635 3634 introduction
647 3594 673 3634 to
760 3583 797 3632 16.
814 3585 912 3633 Castra
930 3585 997 3632 mihi
1015 3584 1139 3644 Pompei.
1179 3581 1237 3630 This
1252 3597 1299 3630 νυ

93 3651 133 3699 the
144 3652 195 3700 lirst
204 3654 303 3701 oration
724 3651 844 3713 Pompey's
865 3651 907 3698 last
930 3651 1051 3714 campaign
1070 3649 1094 3696 ln
1110 3648 1198 3709 lipims,
1221 3647 1297 3696 where

126 3715 151 3766 6.
169 3717 450 3766 Commentariorum.
483 3717 567 3764 Seeon
582 3729 674 3772 r.1.s.
723 3717 806 3764 Cicero
824 3717 903 3778 joined
925 3716 973 3762 him
996 3717 1020 3763 ln
1039 3714 1078 3762 the
1101 3727 1200 3761 summer
1222 3715 1250 3760 of
1265 3727 1298 3776 49

126 3783 150 3831 8.
168 3783 327 3832 Nundinae.
361 3784 431 3830 From
443 3783 553 3847 meaning
570 3783 610 3830 the
627 3783 673 3846 day
724 3783 784 3830 lic.

93 3865 124 3896 on
146 3849 225 3896 which
247 3849 350 3897 markets
367 3864 428 3896 were
452 3849 512 3903 held,
533 3849 672 3896 ‘nundinae'
758 3847 795 3896 18.
812 3847 869 3894 Tot
887 3847 976 3894 duces.
1009 3844 1299 3906 Notablyl’ompeyhim-

93 3929 159 3962 came
182 3923 208 3962 to
230 3929 299 3964 mun
320 3914 361 3961 the
383 3917 448 3976 place
470 3915 499 3961 ol
517 3915 619 3977 meeting
637 3915 672 3962 ior
723 3911 927 3969 seli‚bissonCn.
940 3909 1137 3972 Pompeiacum
1155 3909 1178 3956 in
1195 3909 1298 3970 Spalnin

93 3979 181 4037 Μῦες
203 3995 237 4040 cp.
255 3981 284 4028 de
306 3981 360 4044 Leg.
385 3984 441 4044 Agr.
465 3993 487 4027 a.
509 3992 549 4042 33.
571 3979 603 4044 89
620 3980 671 4026 ‘llll
722 3991 753 4040 45
771 3977 893 4032 B.C.‚and
913 3977 949 4024 his
968 3975 1130 4024 father-in-lsw
1145 3974 1297 4034 QMetellut

94 4046 200 4106 Capuam
224 4047 391 4107 recepneulnm
413 4053 538 4100 aratorum,
558 4047 671 4094 nundinas
722 4044 806 4105 Scipio,
816 4043 871 4090 who
888 4043 925 4089 fell
942 4042 966 4088 in
983 4043 1060 4089 Africa
1077 4041 1165 4102 shortly
1181 4041 1241 4087 alter
1256 4038 1297 4086 the

94 4111 232 4158 rusticorum
245 4147 251 4160 .
264 4147 270 4160 .
282 4112 459 4160 essevmuemnt
469 4110 482 4169 ς’
493 4112 538 4158 and
547 4111 620 4158 hence
632 4110 672 4158 the
722 4110 794 4157 battle
806 4109 834 4156 of
848 4107 961 4168 Thapsus,
972 4107 996 4154 in
1013 4104 1046 4168 46
1058 4107 1113 4155 ΒΩ.
1147 4105 1200 4153 The
1216 4105 1298 4152 armies

94 4175 167 4224 traffic
178 4176 246 4232 isselt,
255 4193 278 4224 ss
289 4175 352 4232 here,
361 4177 406 4224 and
424 4189 446 4239 5.
459 4193 483 4238 4,
498 4188 525 4225 ιι
545 4177 671 4225 ‘calebant
722 4175 821 4224 referred
833 4184 859 4222 ro
871 4188 909 4230 are
920 4173 1032 4234 probably
1040 4171 1107 4220 those
1114 4170 1217 4218 defeated
1226 4169 1298 4216 under

95 4243 239 4290 ininteriore
256 4243 346 4292 sedium
363 4253 429 4304 parte
446 4243 517 4290 totius
535 4243 671 4303 reipublicae
721 4241 781 4288 their
803 4239 928 4300 respective
955 4238 1090 4286 commende
1116 4245 1141 4283 at
1169 4233 1297 4287 Plrsrsslum

95 4307 226 4356 nundinae!
259 4309 289 4356 So
301 4307 516 4362 ‘nundinabantur‚'
525 4321 549 4367 3.
561 4321 585 4369 4,
600 4319 637 4356 ro.
723 4306 820 4360 Munda,
832 4305 876 4350 and
888 4302 1002 4362 Thapsus.

127 4389 153 4438 9.
169 4373 272 4422 Nescio
289 4375 361 4435 qnid.
390 4374 474 4422 Seeon
485 4389 506 4420 c.
517 4386 541 4435 9.
557 4385 594 4420 st.
