3008 4698
191 250 254 316 226
529 249 580 312 M.
609 248 771 311 TULLII
798 248 1049 311 CICERONIS
1253 279 1297 319 ω,
1309 259 1390 318 ι-ο.

191 429 243 494 ne,
274 408 307 472 id
336 407 420 492 quod
449 407 516 471 fieri
548 407 685 471 minime
715 407 823 492 debet,
851 408 997 471 minnere
1032 407 1216 472 amicitiam
1248 415 1390 470 nostram

190 515 221 575 v'
247 523 336 577 eatur
352 522 501 596 perpetua
515 511 683 576 dissensio.
1138 527 1150 556 0

191 513 326 804 ΞΜ·
342 626 391 680 est
406 617 495 679 enim
515 617 579 679 ista
595 625 651 678 tua
670 615 764 699 ratio,
786 613 922 698 Calene,
941 633 1022 697 quae
1043 632 1146 698 mens,
1164 622 1200 676 ut
1219 599 1426 696 numquama

248 728 263 783 t
278 719 440 783 Kalendas
455 718 619 784 lanuarias
640 718 727 782 idem
742 719 891 802 senseris,
905 717 988 801 quod
1010 719 1051 803 is,
1065 718 1121 800 qui
1140 726 1174 781 te
1194 715 1393 781 sententiam

161 823 330 907 sprimum
352 823 463 906 rogat?
486 841 658 905 numquam
680 830 749 886 tam
769 821 917 906 frequens
937 831 1067 885 senatus
1087 821 1195 904 fuerit,
1215 838 1289 884 cum
1311 837 1393 882 unus

191 926 308 1008 aliquis
329 927 527 988 sententiam
546 935 636 988 tuam
658 934 785 989 secutus
805 926 872 990 sit?
915 923 985 989 Cur
1006 944 1131 1010 semper
1147 926 1195 988 tui
1216 922 1394 988 dissimiles

190 1027 361 1092 defendis?
383 1049 449 1112 cur,
465 1047 538 1092 cum
558 1037 592 1093 te
613 1037 647 1092 et
661 1031 732 1093 vita
752 1038 786 1091 et
803 1029 933 1094 fortuna
955 1038 1011 1099 tua
1032 1028 1073 1092 ad
1094 1030 1209 1112 otium,
1223 1027 1263 1092 ad
1285 1026 1394 1110 digni-

191 1140 293 1196 tatem
314 1133 444 1215 invitet,
459 1151 499 1195 ea
519 1132 643 1216 probas,
659 1150 697 1195 ea
712 1131 869 1216 decerniS,
884 1153 923 1196 ea
942 1135 1057 1218 sentis,
1072 1152 1154 1216 quae
1173 1133 1240 1195 sint
1256 1130 1396 1194 inimica

191 1244 225 1298 et
240 1237 309 1299 otio
328 1237 491 1300 communi
514 1243 547 1299 et
567 1235 721 1318 dignitati
742 1237 841 1300 tuae?
885 1235 978 1299 Nam
992 1245 1028 1300 ut
1048 1237 1210 1319 superiora
1228 1235 1437 1318 omittam,2

148 1364 179 1402 ro
191 1339 363 1424 hoc'certe,
377 1340 460 1422 quod
479 1339 559 1402 mihi
581 1340 756 1402 maximam
774 1338 861 1402 admi
898 1340 1025 1404 tionem
1046 1347 1167 1423 movet,
1181 1358 1247 1402 non
1267 1338 1394 1402 tacebo.

191 1442 297 1530 Qod'
314 1451 363 1507 est
392 1443 454 1506 tibi
481 1461 553 1508 cum
577 1440 682 1505 Brutis
702 1442 846 1508 bellum?
880 1463 935 1507 cur
960 1463 1027 1528 eos,
1051 1461 1129 1527 quos
1152 1461 1264 1506 omnes
1289 1459 1395 1526 paene
1408 1450 1431 1496 4

191 1547 334 1610 venerari
365 1545 527 1630 debemus,
556 1545 642 1610 solus
671 1565 835 1630 oppugnas
898 1545 1035 1612 alterum
1063 1544 1287 1610 circumsederi
1324 1563 1397 1608 non

192 1651 326 1714 moleste
348 1649 423 1732 fers,
449 1647 584 1712 altemm
609 1658 665 1714 tua
687 1649 851 1713 sententia
873 1649 992 1734 spolias
1016 1650 1058 1714 iis
1084 1649 1199 1734 copiis,
1220 1667 1298 1732 quas
1322 1647 1396 1731 ipse

191 1773 250 1817 suo
271 1752 377 1818 labore
399 1761 432 1816 et
455 1752 595 1836 periculo
614 1751 656 1816 ad
678 1754 724 1818 rei
749 1751 906 1838 publicae,
925 1772 992 1818 non
1017 1751 1057 1816 ad
1084 1772 1176 1816 suum
1198 1749 1397 1836 praesidium

147 1873 177 1928 ¹⁵
192 1875 247 1939 per
266 1873 300 1918 se
326 1856 416 1919 nullo
438 1854 611 1920 adiuvante
625 1856 788 1944 perfecit?
831 1855 899 1944 Qi
922 1865 971 1920 est
992 1856 1054 1920 iste
1074 1865 1148 1918 tuus
1167 1873 1289 1938 sensus,
1311 1873 1398 1938 quae

192 1959 358 2042 cogitatio,
383 1957 497 2023 Brutos
522 1968 648 2024 utnon
673 1961 796 2046 probes,
822 1959 985 2024 Antonios
1009 1959 1146 2044 probes?
1174 1978 1253 2042 quos
1279 1975 1397 2021 omnes

192 2061 375 2144 carissimos
402 2060 532 2142 habent,
558 2071 594 2124 tu
620 2060 749 2126 oderis?
781 2081 860 2145 quos
885 2061 1092 2125 acerbissime
1119 2060 1218 2124 ceteri
1245 2057 1397 2144 oderunt,

191 2173 227 2228 tu
242 2165 504 2229 constantissime
523 2163 663 2250 diligas?
707 2164 936 2250 Amplissimae
955 2163 1017 2228 tibi
1038 2163 1185 2228 fortunae
1205 2171 1291 2248 sunt,
1305 2181 1398 2228 sum·

193 2286 263 2332 mus
282 2268 411 2332 honoris
431 2266 554 2353 gradus,
569 2266 665 2351 filius,
680 2276 716 2332 ut
736 2276 771 2331 et
789 2268 886 2331 audio
905 2278 938 2331 et
958 2287 1061 2353 spero,
1076 2275 1171 2334 natus
1191 2265 1232 2330 ad
1253 2265 1396 2353 laudem,

148 2373 244 2437 nocui
260 2391 334 2436 cum
347 2373 394 2436 rei
415 2371 560 2458 publicae
581 2390 676 2436 causa
689 2371 795 2458 faveo,
811 2381 880 2438 tum
900 2373 1003 2436 etiam
1021 2381 1087 2436 tua.
1132 2371 1260 2458 Qaero
1281 2371 1430 2456 igitur,5

192 2495 308 2539 eumne
320 2474 409 2538 Bruti
430 2474 573 2538 similem
592 2474 687 2538 malis
706 2495 749 2540 an
765 2475 931 2539 Antonii?
953 2494 990 2540 ac
1010 2476 1164 2560 permitto
1183 2483 1219 2538 ut
1233 2474 1274 2538 de
1287 2473 1396 2538 tribus

191 2579 348 2643 Antoniis
373 2578 474 2660 eligas
498 2597 593 2661 quem
619 2578 712 2642 velis.
755 2578 800 2642 Di
827 2577 979 2643 meliora!
1013 2579 1150 2661 inquies.
1202 2577 1269 2644 Cur
1294 2579 1393 2662 igitur

191 2701 259 2744 non
279 2682 321 2746 iis
343 2681 444 2766 faves,
463 2700 518 2745 eos
537 2679 657 2766 laudas,
672 2700 806 2764 quorum
827 2681 973 2746 similem
992 2691 1084 2746 tuum
1104 2680 1207 2745 filium
1229 2683 1397 2760 essevis?

190 2783 292 2850 Simul
321 2786 409 2847 enim
438 2793 472 2850 et
499 2784 547 2846 rei
572 2785 718 2870 publicae
743 2785 892 2848 consules
918 2793 952 2848 et
981 2803 1138 2872 propones
1165 2784 1216 2848 illi
1246 2785 1396 2870 exempla

146 2899 177 2951 ²5
192 2887 233 2952 ad
248 2888 451 2952 imitandum.
496 2885 571 2954 Hoc
585 2905 675 2972 vero,
694 2886 840 2972 Qum,
858 2888 953 2975 cupio
970 2889 1043 2951 sine
1062 2887 1245 2980 offensione
1263 2897 1396 2954 nostrae

192 2992 360 3056 amicitiae
380 2991 429 3055 sic
450 2998 559 3054 tecum
578 2997 614 3053 ut
636 3010 656 3054 a
675 3000 710 3054 te
732 2990 929 3054 dissentiens
947 2993 1208 3076 senator-queri:
1229 2993 1279 3056 ita
1300 2993 1395 3058 enim

192 3095 304 3159 dixisti
321 3103 354 3158 et
368 3093 499 3176 quidem
513 3091 554 3155 de
569 3093 811 3178 scripto-nam
825 3102 859 3156 te
875 3094 986 3178 inopia
1000 3094 1089 3157 verbi
1104 3095 1228 3180 lapsum
1245 3104 1395 3179 putarem

225 3305 249 3354 6.
268 3307 437 3356 Sententiam
450 3317 524 3356 tuam
538 3317 643 3357 secutas
657 3309 700 3357 sir.
721 3307 768 3355 Yet
820 3306 851 3357 28
867 3308 904 3356 ‘st
916 3308 974 3357 mihi
989 3310 1136 3358 stomachum
1148 3311 1289 3368 moveritis?
1304 3312 1354 3360 Art.
1369 3323 1394 3362 a.

193 3387 206 3419 a
221 3373 313 3433 portion
330 3371 359 3418 of
368 3371 410 3418 the
425 3372 517 3418 motion
532 3373 560 3420 of
571 3372 670 3421 Calenus
685 3389 717 3420 on
728 3373 768 3422 the
821 3385 859 3436 14,
880 3385 891 3422 t
915 3375 1050 3436 ‘Quantam
1068 3385 1094 3424 tn
1111 3375 1170 3424 mihi
1188 3391 1268 3424 moves
1286 3385 1395 3438 expecta·

195 3444 230 3484 rat
247 3435 275 3484 oi
287 3437 388 3498 January
403 3451 450 3484 was
468 3437 562 3492 carried.
577 3451 636 3484 even
655 3437 679 3483 in
697 3453 768 3500 oppo·
818 3439 923 3488 tionem!

192 3502 261 3549 aition
278 3512 304 3549 to
320 3501 410 3550 Cicero.
452 3501 494 3548 See
514 3501 669 3549 introduction
686 3513 711 3550 ro
727 3504 769 3551 the
853 3515 890 3552 aa.
920 3506 1043 3554 Alterum
1062 3507 1273 3555 circumsederi:
1296 3507 1341 3556 via.
1361 3507 1394 3556 D.

192 3566 245 3614 fifth
257 3567 357 3614 oration.
816 3570 907 3626 Brutus,
919 3570 1047 3618 blockaded
1059 3571 1091 3633 by
1102 3571 1201 3633 Antony
1212 3572 1235 3618 in
1249 3573 1352 3620 Mutina.

227 3641 249 3693 7.
267 3635 308 3682 Ad
332 3633 507 3697 dignitatem.
548 3629 602 3680 The
624 3632 680 3680 later
702 3632 767 3682 Mss.
853 3645 889 3696 15.
917 3636 1044 3692 Perfecit.
1068 3636 1130 3683 'har
1155 3636 1295 3701 organiaed)
1338 3635 1395 3684 'llic

192 3697 252 3744 hare
279 3704 317 3745 'et
340 3699 369 3745 ad
390 3697 545 3762 dignitatem:
566 3697 609 3744 bnt
633 3696 675 3746 the
700 3713 767 3760 asyn-
816 3699 873 3748 later
891 3701 958 3748 Mss,
973 3701 1033 3749 have
1047 3700 1167 3749 themora
1180 3701 1288 3764 ordinary
1302 3715 1394 3764 caprea-

192 3763 262 3810 daton
288 3763 307 3809 ia
328 3763 460 3822 preferable.
483 3761 591 3826 marking
615 3761 665 3812 that
685 3763 767 3812 Cicero
815 3765 1263 3832 aion‘confecit,'·hasgotrogether.'

192 3828 325 3875 iubentute:
343 3827 383 3876 rire
401 3828 482 3889 appeal
501 3836 526 3876 to
544 3828 580 3876 hir
597 3828 687 3894 digniry
705 3843 766 3877 aaa
851 3829 889 3878 18.
909 3831 1030 3880 Summus
1060 3831 1175 3881 honoria
1205 3834 1310 3898 gradaa.
1356 3831 1394 3880 lle

192 3893 320 3940 conectiou
331 3892 367 3940 for
378 3893 417 3941 the
432 3893 504 3940 lower
519 3894 608 3942 motiva
622 3896 651 3942 ol
662 3895 766 3955 pasornl
816 3909 865 3942 area
875 3895 961 3943 Gonaul
973 3897 997 3944 in
1008 3905 1041 3960 47
1054 3897 1114 3946 lac.

192 3959 280 4007 leirure.
313 3957 343 4006 So
359 3959 383 4005 in
398 3959 437 4006 the
451 3967 507 4007 neat
520 3960 596 4008 clauae
611 3958 640 4007 he
655 3959 731 4024 brlngr
743 3959 766 4006 in
851 3973 889 4025 19.
909 3961 1003 4010 Pilius.
1037 3961 1073 4010 of
1083 3961 1129 4009 thia
1144 3977 1186 4010 ron
1201 3977 1237 4010 we
1251 3962 1306 4026 only
1320 3961 1394 4018 ξων

191 4025 268 4086 public
280 4023 420 4086 tanquilliry
433 4025 456 4072 in
471 4025 512 4074 tha
526 4025 590 4087 place
605 4025 634 4072 of
641 4025 767 4072 individaal
816 4023 869 4073 tlaat
890 4039 921 4074 on
940 4025 976 4074 hu
993 4027 1087 4076 father'r
1106 4027 1176 4076 death
1193 4029 1218 4076 in
1232 4040 1264 4090 41
1287 4027 1346 4076 EC.
1363 4027 1394 4076 tre

192 4104 252 4138 aare.
817 4091 964 4139 mrrendered
981 4099 1007 4139 to
1022 4093 1163 4141 Octrvianas
1179 4093 1219 4141 the
1233 4107 1299 4156 army
1315 4091 1393 4142 vlricb

228 4166 265 4202 10.
284 4153 377 4204 Mihi.
393 4155 645 4202 ..admirationem
666 4163 765 4202 movet.
818 4155 854 4203 hia
881 4155 957 4204 father
978 4169 1026 4204 vm
1047 4159 1213 4224 commanding
1233 4159 1257 4207 in
1279 4157 1394 4222 Cisalpina

193 4219 247 4267 The
264 4219 322 4267 later
338 4215 403 4265 MSS.
422 4217 482 4266 have
503 4223 555 4265 'me
573 4217 675 4266 maxima
695 4218 768 4266 admi-
818 4219 879 4268 Gaul
890 4235 915 4268 aa
925 4219 966 4270 tlte
975 4222 1051 4286 legate
1062 4223 1091 4270 of
1097 4223 1202 4284 antony.

193 4285 350 4340 rarione.'but
364 4283 405 4332 the
419 4283 575 4331 conatnretion
592 4283 615 4330 in
630 4281 671 4330 tba
687 4283 768 4331 textis
853 4297 891 4333 aa.
910 4286 945 4333 Di
966 4287 1089 4335 meliora.
1123 4287 1165 4335 Sca
1176 4286 1200 4336 8.
1213 4300 1236 4349 3,
1248 4301 1265 4352 9
1276 4296 1338 4337 note.

157 4349 164 4358 '
193 4363 257 4396 more
272 4361 383 4396 common
396 4348 420 4395 iu
438 4347 535 4402 Ciceros
551 4361 587 4408 cp.
600 4359 641 4407 pro
655 4347 719 4395 Mur.
730 4359 768 4409 ¹3,
853 4357 892 4411 ²7.
910 4349 979 4398 Nam
994 4385 999 4398 .
1012 4385 1018 4399 .
1031 4361 1164 4412 putarem.
1182 4352 1233 4400 ‘for
1246 4352 1395 4402 armi
