2998 4706
131 287 162 346 ee
175 289 285 338 ro-ua
462 279 635 344 ORATIO
662 281 941 348 PHILIPPICA
966 285 1011 348 II.
1274 303 1334 374 231

131 433 210 520 quid
235 455 309 500 curn
335 436 370 501 P.
394 435 523 502 Vatinii
545 439 747 524 imperatoris
772 441 937 505 exercitu?
979 441 1185 527 succedebat,
1206 451 1244 506 ut
1268 444 1337 527 ipse

131 540 272 626 dicebat,
310 540 501 607 Hortensio.
559 543 652 608 Certi
689 544 769 608 fines
798 544 1027 630 Macedoniae,
1056 556 1145 610 certa
1176 547 1336 633 conditio,

131 656 249 730 certus,
273 649 301 711 si
326 648 423 712 modo
446 657 516 712 erat
538 649 634 735 ullus,
657 652 832 718 exercitus:
860 670 933 717 cum
957 651 1086 736 Illyrioo
1106 672 1185 717 vero
1206 663 1240 717 et
1263 671 1338 717 cum

63 765 117 812 Β
131 747 260 815 Vatinii
282 751 461 835 legionibus
479 753 557 837 quid
579 763 648 818 erat
665 753 837 820 Antonio?
881 757 928 820 At
950 775 992 818 ne
1013 755 1110 821 Bruto
1129 755 1278 840 quidem:
1303 755 1336 819 id

131 855 222 918 enim
237 855 372 920 fortasse
387 858 548 942 quispiam
564 859 725 943 improbus
739 859 869 923 dixerit.
914 858 1040 923 Omnes
1055 860 1210 944 legiones,
1222 879 1337 925 omnes
1350 869 1364 921 5

131 959 257 1044 copiae,
267 977 348 1042 quae
363 961 481 1043 ubique
495 971 583 1045 sunt,
594 963 642 1025 rei
659 963 804 1046 publicae
818 971 911 1027 sunt:
931 982 992 1026 nec
1002 964 1093 1027 enim
1107 983 1165 1027 eae
1182 963 1336 1048 legiones,

129 1078 212 1144 quae
226 1060 276 1126 M.
292 1063 476 1128 Antonium
496 1065 705 1152 reliquerunt,
719 1067 860 1131 Antonii
881 1067 989 1151 potius
1008 1086 1105 1150 quam
1126 1069 1173 1130 rei
1189 1067 1336 1151 publicae

130 1163 232 1228 finisse
254 1165 411 1230 dicentur.
455 1168 565 1233 Omne
587 1171 678 1233 enim
700 1179 734 1234 et
756 1171 915 1233 exercitus
938 1177 972 1233 et
994 1171 1122 1254 imperii
1144 1172 1193 1233 ius
1210 1172 1338 1234 arnittit

82 1276 116 1345 6
131 1270 173 1352 is,
198 1270 253 1351 qui
280 1287 320 1332 eo
347 1270 483 1355 imperio
507 1280 540 1334 et
567 1274 708 1337 exercitu
734 1293 803 1336 rem
829 1272 990 1358 publicam
1014 1282 1185 1357 oppugnat.
1239 1273 1336 1359 Qod

130 1373 161 1435 si
185 1373 255 1457 ipsa
280 1391 330 1436 res
356 1374 484 1457 publica
506 1375 674 1460 iudicaret,
695 1386 751 1440 aut
774 1376 803 1438 si
826 1395 923 1438 omne
950 1377 1000 1438 ius
1022 1375 1160 1439 decretis
1182 1377 1383 1439 eiussta-10

129 1483 284 1560 tueretur²
294 1477 485 1543 Antonione
500 1497 542 1542 an
558 1478 658 1544 Bruto
672 1479 817 1564 legiones
832 1479 939 1564 populi
954 1477 1098 1542 Romani
1113 1478 1336 1542 adiudicaret?

131 1578 224 1643 Alter
249 1581 413 1645 advolarat
438 1583 546 1647 subito
569 1583 610 1646 ad
636 1584 853 1667 direptionem
880 1591 1065 1666 pestemque
1091 1583 1262 1665 sociorum,
1287 1590 1337 1665 ut,

129 1699 330 1768 quocumque
366 1685 441 1769 iret,
477 1688 592 1750 omnia
627 1696 782 1772 vastaret,
816 1686 981 1771 diriperet,
1015 1683 1163 1770 auferret,
1193 1686 1336 1748 exercitu

131 1787 241 1872 populi
255 1786 399 1852 Romani
419 1799 531 1855 contra
550 1792 656 1874 ipsum
675 1789 827 1875 populum
842 1789 1028 1853 Romanum
1049 1797 1199 1852 uteretur.
1245 1772 1337 1852 Alte}

130 1907 203 1953 eam
230 1890 334 1976 legem
360 1893 425 1955 sibi
450 1902 617 1977 statuerat,
647 1903 693 1978 ut,
717 1911 915 1978 quocumque
943 1893 1097 1978 venisset,
1123 1892 1177 1956 lux
1205 1893 1335 1956 venisse
1351 1899 1380 1951 ¹5

98 1981 111 2046 ¹-
130 1993 287 2076 quaedam
302 2004 335 2058 et
357 2015 430 2080 spes
452 1996 566 2061 salutis
581 1997 752 2061 videretur.
797 1991 948 2078 Denique
965 1994 1047 2059 alter
1066 1995 1107 2058 ad
1128 1994 1336 2059 evertendam

131 2115 200 2160 rem
222 2099 384 2183 publicam
406 2099 567 2184 praesidia
583 2099 768 2185 quaerebat,
786 2099 867 2162 alter
888 2097 929 2162 ad
951 2098 1214 2163 conservandam.
1260 2097 1335 2160 Nec

132 2219 209 2265 vero
225 2219 284 2265 nos
305 2203 366 2266 hoc
388 2205 492 2286 magis
511 2202 699 2267 videbamus
715 2221 812 2285 quam
834 2203 897 2286 ipsi
918 2201 1052 2285 milites,
1070 2221 1091 2265 a
1110 2202 1223 2284 quibus
1244 2209 1337 2263 tanta

80 2323 118 2370 ns
135 2305 170 2368 in
185 2304 358 2369 iudicando
371 2306 540 2391 prudentia
561 2325 627 2370 non
648 2314 717 2368 erat
737 2304 938 2390 postulanda.
981 2303 1068 2368 Cum
1083 2323 1131 2366 vn
1151 2303 1334 2367 cohortibus

130 2427 201 2471 esse
216 2407 410 2493 Apolloniae
432 2409 547 2472 scribit
567 2408 761 2494 Antonium,
778 2409 834 2494 qui
858 2409 925 2472 iam
947 2417 1003 2472 aut
1023 2418 1134 2494 captus
1156 2405 1333 2492 est-quod
1349 2413 1381 2450 ²0

130 2510 163 2575 di
179 2510 258 2576 dent
270 2511 376 2576 l-aut
392 2521 479 2577 certe
494 2512 591 2577 homo
606 2511 802 2576 verecundus
818 2513 854 2575 in
868 2507 1098 2575 Macedoniam
1114 2531 1180 2574 non
1196 2511 1334 2594 accedit,

131 2741 192 2791 from
207 2741 254 2791 this
268 2757 371 2808 passage,
385 2743 430 2791 end
446 2757 520 2792 eeenn
535 2745 596 2792 eleer
610 2745 671 2792 irorn
687 2759 708 2793 e.
758 2757 866 2806 suppones
884 2757 913 2791 en
928 2743 1053 2805 objection.
1069 2742 1120 2790 thet
1135 2741 1171 2791 M.
1185 2743 1269 2791 Brutus
1288 2738 1335 2789 bed

131 2806 156 2865 ⁶.
182 2817 221 2870 13.
248 2809 293 2856 end
315 2809 376 2857 Plut.
404 2811 469 2858 Brut.
500 2819 530 2871 25
556 2809 706 2870 induerer
758 2823 789 2856 no
801 2823 866 2857 more
881 2809 942 2873 right
956 2818 982 2857 ro
997 2809 1140 2870 appropiate
1153 2808 1194 2855 the
1208 2807 1295 2872 legione
1309 2805 1338 2854 ot'

133 2873 208 2931 l'elee,
233 2875 247 2922 d
272 2874 400 2923 Ἀντωνίου
421 2874 534 2936 ἁδελφός,
558 2875 583 2936 dt
603 2875 708 2924 'tentiae
758 2875 863 2922 Vatinius
874 2875 931 2922 than
940 2875 967 2922 C.
975 2875 1098 2922 Antonius.
1121 2871 1334 2934 Tecbnicallysuch

132 2940 282 2996 duneline&
290 2936 395 3000 §dicein
406 2939 473 2990 elohe
484 2941 523 2988 dni
534 2939 578 2989 ede
589 2937 707 2998 desiluere,
758 2955 787 2987 nn
799 2941 917 3002 objection
929 2940 1004 2987 would
1016 2942 1045 2987 be
1061 2940 1130 2996 valid,
1141 2939 1186 2985 and
1197 2939 1280 2986 Cicero
1290 2949 1334 2984 can

132 3003 160 3054 bn
180 3005 207 3052 dn
221 3001 354 3064 ’lineum
374 3003 413 3052 nel
430 3006 583 3068 Ἀπολλωνίᾳ
601 3005 707 3055 Βατίνιος
758 3006 814 3068 only
825 3020 881 3070 urge
892 3006 944 3053 that
960 3006 1043 3052 Brutus
1060 3021 1108 3052 even
1119 3004 1197 3068 ecting
1207 3005 1231 3050 in
1243 3003 1335 3050 aocord·

132 3071 240 3130 σννιῖχε.
274 3069 417 3118 P.Vntiniue
428 3070 708 3132 bedbeenproeoneulin
759 3085 815 3118 enee
826 3071 884 3118 with
895 3071 936 3118 the
952 3071 1030 3132 poliey
1041 3070 1070 3116 ol
1083 3069 1123 3117 the
1138 3079 1222 3122 senate,
1238 3068 1283 3115 end
1298 3069 1335 3115 for

132 3133 249 3198 illyricum
265 3137 327 3183 since
339 3133 374 3198 4⁶
385 3137 410 3183 Β.
417 3137 454 3192 0.,
466 3137 512 3183 and
525 3135 626 3184 Cicero'n
641 3151 709 3200 ergu-
757 3135 797 3183 the
813 3137 876 3200 good
892 3135 963 3184 olbis
978 3145 1084 3198 country.
1097 3133 1167 3182 while
1178 3136 1274 3195 Antony
1286 3147 1334 3181 wne

131 3211 197 3249 ment
217 3203 236 3248 ie
256 3201 307 3249 that
325 3201 443 3250 whatever
460 3201 529 3250 claim
549 3202 577 3249 C.
593 3203 708 3249 Antonius
758 3201 901 3266 strivingior
913 3201 952 3248 the
964 3199 1248 3261 minoihiecountry‚in
1261 3198 1335 3247 direct

131 3267 206 3332 might
215 3281 313 3331 urgeon
326 3267 709 3332 Macedonie‚hemuetbeecting
758 3267 889 3328 opponition
913 3274 939 3313 to
961 3266 1024 3314 what
1042 3265 1075 3314 'he
1097 3265 1166 3313 knew
1187 3273 1214 3312 to
1239 3265 1268 3312 be
1293 3263 1334 3312 the

131 3332 231 3396 itlegnlly
243 3331 266 3379 in
278 3333 396 3396 meddling
407 3332 465 3380 nith
480 3332 605 3395 illyricum.
638 3333 708 3380 From
759 3333 856 3380 unere’n
867 3331 921 3379 will.

131 3397 172 3446 the
192 3398 238 3446 leet
261 3397 312 3446 thet
328 3398 356 3445 1..
376 3399 438 3454 Piso,
458 3397 525 3446 ebert
542 3398 663 3458 moonnnl
684 3399 708 3445 in
791 3411 812 3446 c.
827 3395 851 3446 6.
878 3397 926 3444 ste
947 3397 1044 3444 muner
1064 3397 1095 3458 os
1108 3397 1197 3444 Brutine
1217 3409 1267 3442 eoae
1289 3395 1335 3442 beet

133 3462 281 3520 Macedonia,
298 3463 620 3511 emendedhinentortionto
638 3463 709 3524 Apol·
744 3461 1040 3528 jutffledbyeornpm'ng
1055 3462 1186 3522 bieloynlty
1202 3461 1334 3522 ospes-poen

131 3529 193 3576 lonis
214 3529 260 3576 end
281 3528 435 3591 Dyrrachium
453 3529 487 3590 (in
504 3529 549 3575 Pie.
564 3540 605 3590 4ο,
620 3525 674 3592 96),
690 3529 709 3576 it
757 3529 812 3576 out
822 3527 858 3574 the
868 3536 958 3576 beenon
965 3529 995 3590 os
1002 3529 1028 3576 0.
1035 3528 1158 3581 Antonine.
1166 3525 1217 3574 oto
1224 3526 1334 3590 through·

131 3593 210 3641 troald
222 3607 284 3641 neem
295 3594 347 3641 thet
359 3593 399 3641 the
413 3602 513 3657 country
523 3593 611 3640 known
624 3595 656 3655 by
667 3593 708 3641 rbe
758 3593 892 3657 oeteougllt
901 3593 997 3656 nothing
1013 3594 1052 3640 hut
1068 3593 1104 3640 the
1120 3591 1172 3640 min
1188 3591 1333 3652 osrbeernte.

132 3673 200 3707 neme
216 3659 245 3706 oi
258 3659 329 3720 lllyrie
345 3659 441 3714 Graeca,
456 3659 581 3722 extending
596 3659 656 3706 from
668 3659 708 3707 the
758 3659 847 3705 snm
868 3659 917 3706 bod
935 3657 1060 3706 bioekoded
1079 3659 1127 3705 him
1147 3659 1170 3705 in
1189 3656 1332 3718 Apolloninr

132 3726 192 3772 river
200 3723 266 3771 Drilo
277 3724 419 3772 southwarde
430 3733 457 3771 to
471 3723 513 3772 the
524 3725 708 3772 Acroceraunien
758 3725 809 3772 end
817 3738 865 3770 eoae
876 3723 929 3771 well
938 3724 1049 3771 manmit
1064 3723 1135 3788 dyQ
1143 3723 1286 3778 Hortensius.
1297 3721 1334 3770 tbn

132 3791 271 3847 monnulus.
278 3789 368 3837 formed
379 3806 393 3838 n
404 3789 463 3837 kind
474 3788 502 3837 of
510 3790 644 3837 debeteeble
655 3791 709 3837 land
754 3801 860 3853 younger
877 3788 914 3837 II.
933 3789 1019 3844 clem,
1038 3789 1080 3838 (h.
1097 3788 1218 3842 Donutiun
1236 3787 1286 3834 und
1302 3787 1333 3836 P.

131 3857 236 3904 between
263 3853 303 3903 the
330 3857 450 3916 provinces
472 3854 501 3903 of
520 3855 635 3918 Illyricum
663 3855 708 3902 end
763 3853 1334 3917 vaunnatywuoumndenergr'nrueon·

133 3919 280 3978 Macedonia,
299 3921 369 3986 being
390 3920 498 3969 attached
516 3929 543 3968 to
562 3935 607 3968 one
624 3934 652 3968 or
669 3920 709 3968 the
758 3919 1155 3981 summasunmna
1168 3918 1333 3980 ollebsoreee

131 3985 528 4034 othuarmenllloitheeeneee.
759 3983 1255 4048 etentepeloyaleoun'rmny'em.

167 4053 367 4101 anoriensis.
401 4051 592 4112 Qllortennlnn,
609 4050 707 4099 theron
793 4061 832 4099 π.
852 4051 941 4099 llomo
966 4053 1141 4106 verecundus,
1169 4049 1222 4104 dcc..
1245 4054 1289 4095 ‘or
1309 4055 1333 4095 nt

132 4118 161 4166 oi
179 4117 221 4166 the
243 4125 330 4174 orator,
352 4118 457 4165 received
479 4117 520 4165 the
547 4117 655 4179 province
682 4117 711 4164 αἰ
757 4131 803 4178 nny
825 4126 875 4164 rete
897 4115 937 4162 the
959 4130 1013 4162 men
1034 4115 1076 4164 bns
1098 4116 1139 4164 the
1162 4115 1268 4176 modeety
1290 4119 1333 4160 not

132 4181 272 4231 Macedonia
283 4179 344 4230 from
355 4179 591 4245 Caesarin'4413.c.
757 4190 783 4230 to
820 4188 884 4229 emer
924 4181 1078 4230 Macedonia!
1140 4179 1184 4242 Cp.
1212 4189 1236 4240 5.
1263 4191 1288 4236 3,
1318 4187 1332 4240 7

167 4251 249 4299 Certe
285 4249 419 4305 conditio.
448 4247 542 4296 definite
574 4256 644 4296 tome
676 4259 708 4296 on
756 4248 852 4312 ‘Augur
880 4248 1022 4296 verecundus
1048 4249 1096 4294 eine
1118 4245 1211 4310 collegis
1232 4244 1262 4292 de
1283 4256 1332 4292 eue-

133 4313 369 4363 nhiehitnneheld.
756 4312 836 4374 plelie!

167 4394 191 4442 4.
211 4381 246 4428 At
278 4395 311 4428 ne
348 4381 431 4429 Bruto
467 4379 585 4442 quidem.
630 4376 712 4426 Cicero
