2970 4700
117 245 181 333 318
538 243 898 309 turnonucrrorv

116 407 212 470 Maias
226 407 322 488 (April
340 405 397 486 15),
412 425 473 486 quo
494 407 541 468 die
558 407 655 468 Pansa
673 409 704 468 in
723 407 823 468 nessia
843 406 931 467 Hirtii
949 415 1010 467 erat
1029 406 1149 480 lutunrs,
1168 425 1240 467 cum
1262 425 1332 484 quo

115 525 173 586 ego
198 525 390 567 eram—nam
415 507 442 567 ei
469 507 585 566 obviam
607 524 809 584 processeram
834 506 912 564 milia
936 523 1075 582 passuum
1099 517 1231 576 centum,
1263 522 1332 582 quo

115 605 255 665 maturius
270 603 575 677 veniret-Antonius
594 604 726 684 legiones
747 604 846 664 eduxit
867 603 948 676 duas,
962 603 1122 662 secundam
1141 613 1172 663 et
1186 606 1332 681 quintam

115 703 292 764 tricesimam
309 715 340 763 et
363 701 499 763 cohortes
520 703 681 780 praetorias
706 703 788 772 duas,
809 701 930 761 alteram
956 699 1054 772 Silani,
1074 712 1103 760 et
1127 713 1333 762 evocatorum

116 813 238 880 partem.
288 802 334 862 Ita
354 802 471 860 obviam
492 800 570 860 venit
590 800 686 871 nobis,
701 800 781 876 quod
803 817 859 859 nos
879 809 1015 877 quattuor
1035 798 1167 876 legiones
1190 801 1332 860 tironum

116 901 224 962 habere
238 899 333 958 solum
347 899 544 958 arbitrabatur.
588 897 648 958 Sed
661 907 760 970 noctu,
774 915 835 974 quo
849 897 938 957 tutius
951 897 1048 958 venire
1061 899 1092 955 in
1106 908 1203 956 castra
1217 915 1333 974 posse·

116 1016 191 1069 mus,
216 997 363 1076 legionem
388 995 534 1066 Martiam,
558 995 606 1056 cui
628 1011 685 1072 ego
704 1013 840 1072 praeesse
862 995 1003 1066 solebam,
1025 1007 1054 1054 et
1075 997 1150 1055 duas
1178 997 1331 1056 cohortes

115 1095 275 1173 praetorias
290 1093 409 1153 miserat
430 1091 544 1152 Hirtius
562 1093 657 1152 nobis.
702 1111 728 1152 a.
744 1092 821 1152 Cum
835 1095 947 1171 equites
961 1093 1082 1154 Antonii
1102 1095 1333 1170 appamissent,

115 1193 258 1253 contineri
273 1209 369 1269 neque
384 1191 461 1268 legio
476 1187 583 1250 Martia
601 1208 698 1268 neque
717 1189 853 1250 cohortes
869 1192 1031 1274 praetoriae
1046 1202 1223 1269 potuerunt;
1244 1211 1330 1269 quas

116 1291 199 1369 sequi
213 1291 366 1368 coepimus
379 1290 481 1361 coacti,
496 1288 636 1366 quoniam
656 1287 778 1348 retinere
793 1307 843 1348 eas
857 1307 919 1348 non
933 1299 1129 1367 potueramus
1167 1289 1328 1348 Antonius

117 1391 155 1454 ad
165 1388 274 1452 Forum
286 1389 439 1450 Gallorum
454 1405 521 1447 suas
536 1385 637 1464 copias
646 1386 824 1458 continebat,
833 1404 929 1464 neque
940 1388 1005 1448 sciri
1019 1387 1327 1464 volebatselegiones

116 1491 241 1563 habere;
262 1499 376 1548 tantum
391 1487 549 1564 equitatum
562 1493 593 1545 et
606 1484 700 1544 levem
716 1496 891 1546 armaturam
904 1487 1086 1546 ostendebat
1118 1485 1323 1563 Posteaquam

116 1589 187 1648 vidit
201 1607 232 1649 se
246 1587 335 1647 invito
349 1585 496 1664 legionem
513 1583 554 1642 ire
568 1581 673 1652 Pansa,
688 1583 771 1660 sequi
786 1601 818 1642 se
835 1583 909 1643 duas
924 1583 1057 1661 legiones
1075 1584 1157 1643 iussit
1178 1585 1322 1644 tironum.

116 1685 312 1762 Posteaquam
330 1684 479 1760 angustias
498 1679 613 1759 paludis
632 1689 662 1739 et
679 1679 815 1758 silqarum
833 1683 1009 1754 transiimus,
1024 1681 1100 1742 acies
1118 1693 1162 1742 est
1176 1683 1321 1743 instructa

117 1803 134 1844 a
162 1785 247 1842 nobis
275 1781 431 1841 duodecim
459 1777 631 1840 cohortium.
688 1795 716 1853 3.
737 1777 882 1839 Nondum
909 1790 1048 1841 venerant
1066 1781 1199 1857 legiones
1223 1779 1323 1850 dum

116 1889 235 1958 repente
254 1879 402 1937 Antonius
423 1878 454 1936 in
475 1877 568 1936 aciem
589 1893 657 1936 suas
679 1877 780 1953 copias
801 1877 839 1938 de
859 1879 923 1938 vico
944 1878 1081 1957 produxit
1101 1889 1131 1938 et
1152 1879 1215 1937 sine
1232 1896 1323 1938 mora

115 1977 270 2040 concurrit.
316 1975 415 2034 Primo
437 1976 477 2035 ita
498 1987 660 2052 pugnaturn
683 1984 736 2047 est,
758 1985 790 2034 ut
812 1977 907 2036 acrius
929 1995 991 2038 non
1009 1985 1110 2054 posset
1131 1994 1169 2035 ex
1193 1987 1323 2053 utraque

115 2085 196 2155 parte
220 2075 363 2153 pugnari;
391 2075 445 2133 etsi
467 2073 614 2134 dexterius
636 2090 737 2146 cornu,
760 2075 791 2134 in
814 2091 875 2152 quo
902 2093 960 2153 ego
987 2093 1068 2135 eram
1096 2090 1163 2134 cum
1192 2073 1322 2134 Martiae

115 2175 241 2253 legionis
265 2173 433 2234 cohortibus
452 2183 529 2245 octo,
551 2171 662 2250 impetu
687 2175 783 2252 pn'mo
804 2171 954 2251 fugaverat
973 2173 1120 2250 legionem
1145 2190 1230 2230 xxxv.
1252 2173 1320 2230 An-

114 2275 196 2348 tonii,
214 2283 244 2333 ut
262 2271 388 2351 amplius
405 2271 546 2350 passus*
569 2271 587 2310 *
612 2272 686 2331 ultra
702 2273 805 2343 aciem,
824 2289 884 2349 quo
902 2271 970 2331 loco
991 2281 1116 2342 steterat,
1130 2271 1319 2348 procemerit.

114 2373 217 2450 Itaque
235 2389 302 2432 curn
321 2369 434 2448 equites
454 2379 587 2429 nostrum
606 2385 698 2429 cornu
718 2371 869 2430 circumire
883 2370 996 2442 vellent,
1011 2371 1140 2447 recipere
1160 2389 1209 2430 me
1228 2372 1317 2446 coepi

114 2481 143 2531 et
157 2471 252 2530 levem
266 2478 441 2528 armaturam
462 2483 615 2545 opponere
637 2467 809 2528 Maurorum
829 2469 983 2546 equitibus,
998 2487 1036 2528 ne
1057 2487 1175 2529 aversos
1195 2483 1320 2529 nostros

113 2568 348 2645 aggrederentur.
390 2565 511 2625 Interim
532 2563 618 2624 video
637 2581 686 2624 me
703 2581 768 2625 esse
787 2565 861 2625 inter
881 2566 1076 2638 Antonianos,
1091 2568 1317 2646 Antoniumque

113 2680 182 2748 post
209 2683 258 2725 me
281 2681 347 2724 esse
375 2664 533 2740 aliquanto.
584 2661 718 2740 Repente
745 2681 854 2742 equum
878 2665 986 2724 immisi
1014 2665 1052 2724 ad
1076 2683 1143 2726 eam
1166 2666 1315 2742 legionem

113 2769 249 2836 tironum,
264 2780 341 2842 quae
354 2763 489 2822 veniebat
502 2779 539 2821 ex
557 2763 658 2820 castris
676 2771 760 2822 scuto
776 2764 893 2823 reiecto.
935 2764 1096 2824 Antoniani
1112 2782 1162 2824 me
1180 2765 1315 2842 insequi;

112 2865 204 2926 nostri
224 2863 287 2941 pila'
302 2861 415 2922 coicere
433 2860 514 2920 velle.
556 2859 601 2920 Ita
620 2861 721 2921 nescio
740 2877 800 2938 quo
821 2859 882 2922 lato
901 2879 968 2922 sum
989 2871 1126 2935 servatus,
1145 2861 1227 2940 quod
1247 2881 1313 2922 sum

112 2965 203 3025 citoa
221 2961 328 3022 nostris
348 2961 491 3036 cognitus.
545 2979 572 3032 4.
597 2959 634 3018 In
649 2959 713 3036 ipsa
727 2959 860 3031 Aemilia,
875 2961 925 3020 ubi
944 2960 1053 3020 cohors
1072 2959 1206 3020 Caesaris
1228 2979 1314 3037 prae·

111 3064 186 3123 toria
199 3071 269 3133 erat,
284 3061 334 3120 diu
347 3069 510 3138 pugnatum
524 3069 576 3118 est
619 3056 721 3117 Comu
739 3058 908 3130 sinisterius,
923 3059 1078 3138 quoderat
1096 3059 1248 3130 infirmius,
1262 3060 1313 3119 ubi
1387 3112 1393 3120 .

113 3159 236 3220 Martiae
250 3157 374 3238 legionis
389 3159 464 3218 duae
481 3157 618 3218 cohortes
635 3166 718 3216 erant
738 3167 767 3216 et
786 3156 893 3216 cohors
911 3157 1064 3234 praetoria,
1079 3157 1186 3234 pedem
1207 3157 1314 3217 relerre

113 3267 281 3334 coeperunt,
309 3255 390 3334 quod
418 3257 456 3314 ab
483 3256 613 3331 equitatu
637 3253 869 3326 circmuibantur,
898 3271 957 3332 quo
984 3254 1029 3315 vel
1056 3255 1213 3332 plurimum
1238 3257 1314 3316 valet

113 3355 269 3414 Antonius.
312 3351 389 3412 Cum
404 3365 508 3410 omnes
523 3367 554 3410 se
569 3355 747 3428 recepissent
762 3355 852 3413 nostri
865 3353 994 3426 ordines,
1008 3353 1138 3432 recipere
1152 3373 1199 3414 me
1214 3355 1314 3414 notis·

112 3453 204 3512 simus
217 3451 303 3527 coepi
317 3449 355 3508 ad
369 3457 470 3507 castra.
512 3447 660 3510 Antonius
673 3459 823 3528 tamquam
837 3453 928 3513 victor
942 3463 1036 3513 castra
1052 3453 1162 3530 putavit
1176 3471 1208 3512 se
1222 3471 1315 3531 posse

113 3565 226 3627 capere.
278 3547 349 3620 Quo
376 3563 445 3606 cum
472 3546 558 3619 venit,
588 3547 754 3626 complures
782 3551 822 3609 ibi
850 3551 945 3611 amisit
972 3569 1028 3611 nec
1054 3552 1114 3628 egit
1141 3553 1312 3629 quidquam.

112 3647 221 3708 Audita
240 3664 271 3706 re
289 3645 403 3706 Hirtius
421 3661 488 3705 cum
507 3645 679 3707 cohortibus
697 3649 796 3725 viginti
815 3651 958 3709 veteraria
980 3651 1111 3710 redeunti
1130 3650 1261 3712 Antonio
1281 3652 1313 3710 in

112 3765 165 3807 sua
179 3755 273 3807 castra
286 3745 411 3806 occurrit
426 3746 585 3823 copiasque
599 3748 662 3805 cius
679 3761 784 3807 omnes
803 3749 907 3808 deleuit
926 3749 1093 3826 fugavitque
1113 3751 1220 3810 eodem
1235 3749 1314 3822 loco,

112 3847 162 3905 ubi
181 3853 242 3905 erat
261 3853 432 3922 pugnatum,
454 3843 494 3903 ad
507 3841 616 3903 Forum
634 3843 795 3905 Gallomm.
836 3847 984 3908 Antonius
999 3863 1067 3907 cum
1081 3848 1225 3924 equitibus
1237 3848 1313 3907 hora

112 3945 207 4005 noctis
226 3952 329 4021 quarta
351 3961 383 4002 se
406 3944 436 4001 in
456 3951 551 4002 castra
574 3957 627 4003 sua
647 3943 686 4003 ad
709 3943 854 4004 Mutinam
876 3947 992 4023 recepit
1045 3961 1072 4021 5.
1094 3945 1207 4005 Hirtius
1227 3947 1256 4004 in
1276 3963 1313 4006 ea

111 4053 206 4104 castra
224 4043 316 4114 rediit,
340 4040 418 4100 unde
436 4037 532 4100 Pansa
550 4042 667 4114 exierat,
682 4043 731 4102 ubi
751 4043 824 4103 duas
842 4043 974 4120 legiones
994 4043 1156 4121 reliquerat,
1179 4061 1254 4121 quae
1273 4043 1313 4102 ab

112 4143 244 4202 Antonio
272 4151 354 4203 erant
381 4149 576 4218 oppugnatae.
630 4139 680 4201 Sic
706 4151 819 4218 partem
845 4143 987 4203 maiorem
1015 4161 1133 4202 suarum
1160 4144 1312 4221 copiarum

111 4241 259 4301 Antonius
273 4242 369 4302 amisit
386 4249 593 4299 veteranarum.
636 4239 700 4298 Nec
715 4241 745 4298 id
764 4250 862 4299 tamen
884 4242 947 4299 sine
965 4241 1062 4317 aliqua
1081 4241 1191 4301 iactura
1205 4241 1313 4300 cohor·

111 4337 183 4394 tium
204 4342 411 4414 praetoriarum
431 4345 595 4395 nostrarum
617 4343 645 4391 et
664 4335 788 4407 legionis
811 4333 934 4394 Martiae
960 4338 1019 4396 fieri
1041 4341 1142 4412 potuit.
1185 4337 1313 4414 Aquilae
