2970 4700
133 259 198 326 334
473 241 522 302 M.
554 241 716 302 TULLII
743 239 997 304 CICERONIS
1157 253 1340 310 nnn-12

133 401 232 464 missa
256 409 366 464 nostra
389 408 485 484 atque
509 420 560 486 ea,
579 419 660 485 quae
681 401 863 485 legionibus
885 401 971 464 bello
991 399 1141 464 confecto
1160 399 1343 463 tributuros

133 523 192 568 nos
214 503 454 590 spopondimus,
478 504 634 568 hodierno
655 514 786 570 senatus
811 504 959 568 consulto
984 504 1169 568 renovanda
1195 519 1342 580 cense03

132 627 269 690 aequum
289 617 339 672 est
359 609 449 672 enim
469 608 623 693 militum,
643 609 758 674 talium
776 608 975 692 praesertim,
995 607 1149 670 honorem
1168 605 1343 688 coniungi.

134 711 241 794 Atque
264 714 402 796 utinam,
425 721 532 805 patres
553 713 739 796 conscripti,
762 712 888 776 civibus
913 711 1064 774 omnibus
1090 711 1214 775 solvere
1241 711 1391 772 nobisau

104 816 276 900 apraemia
301 808 430 882 liceret!
463 833 654 898 quamquam
680 833 739 879 nos
764 833 815 899 ea,
839 833 920 898 quae
949 815 1167 898 promisimus,
1192 812 1344 876 studiose

134 917 296 982 cumulata
318 915 495 982 reddemus.
538 917 600 984 Sed
623 916 656 982 id
679 917 810 1001 quidem
832 927 943 1002 restat,
962 927 998 982 ut
1018 935 1123 1001 spero,
1146 917 1344 999 victoribus,

133 1021 247 1104 quibus
268 1029 398 1084 senatus
419 1020 497 1085 fides
520 1023 751 1106 praestabitur:
764 1039 872 1104 ,quam
894 1023 1048 1106 quoniam
1069 1019 1266 1084 difficillimo
1291 1020 1343 1081 rei

134 1122 280 1206 publicae
309 1132 452 1208 tempore
481 1126 585 1189 secuti
611 1134 698 1210 sunt,
724 1143 780 1188 eos
809 1143 984 1208 numquam
1012 1123 1173 1208 oportebit
1202 1123 1343 1186 consilii

134 1227 183 1290 sui
205 1227 378 1310 paenitere.
422 1225 483 1294 Sed
503 1227 599 1293 facile
619 1239 669 1294 est
684 1229 768 1292 bene
782 1247 874 1312 agere
894 1247 968 1292 cum
983 1227 1046 1312 his,
1060 1248 1081 1291 a
1099 1227 1216 1310 quibus
1234 1223 1359 1289 etiam'

89 1357 121 1394 ιο
133 1329 316 1394 tacentibus
331 1329 466 1414 flagitari
482 1331 647 1396 videmur:
671 1331 750 1396 illud
769 1331 990 1397 admirabilius
1006 1339 1039 1395 et
1054 1332 1156 1394 maius
1177 1331 1346 1424 maximej

133 1453 194 1518 quc
209 1435 370 1520 proprium
384 1443 513 1500 senatus
528 1435 684 1520 sapientis
699 1445 760 1516 est,
774 1445 865 1520 grata
882 1453 991 1500 eorum
1007 1436 1161 1499 virtutem
1176 1421 1349 1496 memoria

134 1539 293 1622 prosequi,
317 1539 371 1622 qui
396 1558 453 1624 pro
475 1541 578 1624 petria
598 1540 700 1604 vitam
724 1501 1128 1626 profudertmtAQomm
1147 1536 1188 1600 de
1213 1537 1343 1599 honore
1356 1539 1390 1588 ³1

134 1643 260 1706 utinam
276 1643 357 1705 mihi
373 1643 463 1726 plura
478 1645 513 1706 in
528 1651 672 1707 mentem
688 1643 857 1708 venirent!
878 1641 942 1706 duo
956 1648 1042 1706 terte
1058 1659 1123 1704 non
1141 1641 1342 1725 praeteribo,

132 1762 213 1827 quae
244 1747 383 1808 maxime
409 1756 598 1811 occurrunt:
630 1765 763 1830 quorum
792 1745 928 1811 alterum
960 1747 1099 1830 pertinet
1127 1744 1168 1808 ad
1190 1745 1341 1807 virorum

89 1869 117 1920 ¹⁵
132 1845 380 1910 fortissimorum
399 1849 535 1932 gloriam
555 1852 798 1935 sempiternam,
820 1850 956 1915 alterum
976 1849 1016 1914 ad
1037 1848 1225 1913 leniendum
1246 1867 1341 1910 mae-

132 1967 236 2013 rorem
262 1958 296 2013 et
322 1949 443 2014 luctum
469 1952 695 2036 proximorum.
735 1952 851 2020 Placet
877 1954 976 2038 igitur
1002 1953 1095 2036 mihi,
1121 1959 1228 2036 patres
1255 1970 1339 2015 con-
1352 1940 1396 2008 12

131 2053 255 2136 scripti,
285 2052 423 2138 legionis
451 2053 593 2120 Martiae
623 2057 782 2122 militibus
819 2067 853 2121 et
880 2059 941 2141 eis,
971 2057 1025 2140 qui
1054 2075 1120 2118 una
1151 2063 1338 2140 pugnantes

130 2155 321 2242 occiderint,
342 2159 580 2224 monimentum
598 2160 666 2224 lieri
686 2179 783 2244 quam
803 2160 1049 2245 amplissimum.
1093 2159 1217 2243 Magna
1236 2167 1338 2240 atque

132 2260 335 2326 incredibilia
359 2271 433 2326 sunt
457 2263 493 2326 in
512 2281 580 2326 rem
602 2264 763 2348 publicam
787 2263 880 2330 huius
902 2266 1018 2328 merita
1043 2263 1190 2347 legionis
1237 2261 1337 2332 Haec

86 2389 117 2426 so
131 2383 165 2428 se
195 2366 299 2449 prima
326 2365 497 2430 latrocinio
525 2367 652 2452 abrupit
675 2367 828 2452 Antonii,
855 2369 933 2432 haec
962 2369 1071 2432 tenuit
1099 2365 1226 2452 Albam,
1253 2366 1336 2429 haec

129 2485 164 2530 se
198 2469 239 2532 ad
267 2467 442 2534 Caesarem
477 2469 642 2552 contulit3
678 2471 760 2536 hanc
791 2473 921 2536 imitata
952 2480 1064 2554 quarta
1100 2470 1184 2554 legio
1221 2487 1334 2552 parem

128 2571 258 2635 virtutis
283 2572 420 2655 gloriam
446 2581 618 2636 consecuta
644 2583 703 2638 est.
748 2573 873 2664 Qarta
899 2575 1016 2638 victrix
1039 2573 1200 2638 desiderat
1225 2573 1334 2634 nemi-

128 2691 224 2737 nem:
254 2693 293 2737 ex
313 2673 436 2740 Martia
460 2675 607 2740 nonnulli
632 2677 668 2740 in
692 2678 761 2762 ipsa
782 2679 918 2744 victoria
944 2677 1161 2743 conciderunt.
1206 2675 1240 2740 Ο
1266 2675 1334 2738 for-

127 2787 241 2842 tunata
269 2797 366 2862 morS,
394 2797 475 2862 quae
504 2788 637 2844 naturae
666 2779 777 2845 debita
812 2800 869 2866 pro
902 2783 1006 2866 patria
1038 2789 1088 2845 est
1124 2781 1333 2864 potissimum

83 2901 113 2954 ²5
127 2881 270 2948 reddita!
315 2879 381 2946 Vos
405 2902 482 2946 vero
506 2885 627 2968 patriae
650 2893 745 2948 natos
770 2885 897 2950 iudioo:
927 2903 1061 2968 quorum
1083 2885 1183 2948 etiam
1207 2902 1332 2946 nomen
1346 2893 1382 2942 aa

160 3117 183 3168 3.
201 3105 350 3172 coniungi.
370 3107 416 3156 ‘be
431 3105 557 3156 urociated
573 3105 629 3156 trith
649 3107 700 3156 that
751 3108 868 3158 imitation
888 3109 916 3158 oi
931 3107 971 3158 the
991 3110 1078 3158 funeral
1096 3109 1206 3164 orations,
1221 3123 1248 3156 so
1264 3123 1332 3156 com·

126 3171 153 3217 ol
162 3171 221 3219 their
231 3173 348 3236 generals!
750 3175 831 3238 monly
841 3175 954 3223 delivered
965 3177 997 3238 by
1008 3175 1048 3224 the
1059 3175 1185 3222 Atheniens
1193 3189 1249 3221 orer
1260 3175 1331 3222 those

158 3233 183 3284 6.
203 3237 357 3293 cumulata.
381 3243 408 3285 'a
430 3237 598 3286 hundredsold’
643 3237 701 3286 Thia
750 3239 805 3288 who
815 3239 862 3288 had
873 3241 941 3288 fallen
952 3241 975 3287 in
987 3255 1042 3290 war.
1076 3239 1135 3288 'l'his
1147 3247 1238 3288 nrstom
1254 3255 1331 3288 seems

125 3299 144 3346 is
156 3299 196 3346 the
212 3303 358 3350 emendation
376 3303 404 3350 ol
417 3303 544 3367 Naugerius
561 3303 597 3350 ior
614 3308 700 3366 'quam
750 3319 820 3354 omer
831 3314 857 3353 to
867 3305 927 3354 hare
942 3306 1057 3367 prerailed
1073 3314 1099 3354 st
1116 3307 1200 3360 Rome,
1212 3305 1253 3352 the
1268 3305 1330 3366 duty

124 3363 212 3419 mults:
229 3365 328 3425 adopted
339 3367 370 3426 by
381 3375 443 3414 mort
455 3369 591 3426 subsequent
607 3369 700 3425 editors,
751 3371 780 3418 of
787 3371 929 3436 celebrating
939 3372 979 3420 the
989 3373 1073 3434 praises
1084 3371 1109 3418 oi
1120 3371 1161 3418 the
1171 3371 1229 3418 dead
1240 3371 1330 3434 having

125 3427 214 3492 though
238 3429 309 3476 llalm
332 3439 434 3493 suggests
457 3437 545 3490 ‘atque
569 3433 700 3490 curnulne:
751 3435 1025 3486 beentherelel'tinthe
1041 3436 1152 3485 handsol
1166 3436 1226 3484 their
1236 3437 1327 3498 private

124 3493 289 3556 compunge.
302 3505 388 3555 tarr·
421 3493 464 3554 01³·
475 3494 540 3558 Virr·
552 3497 594 3542 Ae.
606 3513 629 3556 ⁴-
640 3496 690 3559 43⁶
752 3501 1019 3551 remansurorum.

158 3559 253 3618 '0¹²²m
272 3560 387 3622 (mim)
405 3559 461 3607 mihi
478 3575 532 3608 cum
549 3559 644 3618 dedan,
662 3577 701 3610 ω·
785 3578 824 3616 at.
844 3569 920 3618 lianc
951 3570 1068 3626 imitata,
1089 3567 1143 3624 ere,
1166 3567 1203 3615 ‘it
1224 3581 1272 3614 tras
1295 3567 1327 3628 by

223 3625 334 3672 muletam
345 3633 421 3673 morte
432 3625 564 3674 remittam!
751 3631 870 3695 following
892 3632 933 3680 the
954 3634 1061 3694 example
1082 3631 1159 3682 which
1180 3633 1226 3680 this
1248 3632 1327 3696 legion

158 3697 180 3750 7.
199 3691 395 3746 Praestabitur‚
413 3689 467 3739 'the
484 3692 580 3740 senate's
596 3691 700 3758 plighted
750 3699 799 3752 set:
810 3695 854 3746 &a
881 3698 947 3746 ‘This
956 3699 1039 3759 special
1049 3699 1128 3746 therne
1137 3699 1328 3760 ofprsiseseems

123 3756 188 3802 word
209 3755 255 3800 will
273 3757 302 3802 be
324 3754 433 3805 fnlfilled’
474 3758 580 3806 Another
596 3760 699 3824 reading,
750 3771 775 3810 to
790 3763 819 3810 be
835 3763 968 3812 introduced
985 3766 1022 3811 sor
1039 3764 1079 3812 the
1095 3763 1151 3810 salre
1167 3763 1196 3812 of
1209 3763 1312 3810 includin

124 3820 196 3868 l'ound
214 3819 238 3866 in
257 3827 306 3867 two
325 3821 398 3876 Mss..
419 3822 437 3869 is
459 3825 623 3885 ‘pnesuturf
644 3824 699 3872 ‘the
749 3827 790 3875 the
804 3829 880 3876 fourth
892 3830 969 3894 legion
987 3831 1011 3876 in
1024 3829 1059 3877 hia
1072 3830 1164 3892 eulogy.
1197 3829 1230 3876 As
1243 3828 1262 3876 it
1279 3828 1311 3876 ba

123 3886 295 3933 senate'sword
308 3886 327 3934 is
337 3887 448 3950 pledged:
749 3893 795 3941 lost
813 3909 845 3940 oo
864 3908 918 3942 men
937 3895 981 3957 (cp.
1001 3895 1065 3944 Fam.
1087 3908 1125 3942 ro.
1144 3906 1185 3954 30,
1204 3893 1231 3955 5)
1250 3893 1269 3941 it
1286 3893 1328 3940 did

159 3961 196 4012 15.
215 3951 369 4000 Maerorem
400 3961 426 4000 et
457 3953 633 4010 luctum.‘the
655 3955 700 4003 dis·
748 3967 790 4006 not
801 3960 915 4022 naturally
926 3975 993 4008 corne
1004 3959 1084 4008 within
1095 3959 1254 4022 thescopeol
1262 3958 1328 4006 what

122 4023 180 4064 treas
191 4017 237 4065 and
250 4017 373 4081 mouming
389 4016 418 4063 ol'
431 4016 490 4066 their
507 4019 628 4068 relatives!
662 4021 699 4070 lle
748 4024 1033 4087 ispractlcallyaluneral
1045 4026 1144 4072 oration.

122 4080 179 4130 does
189 4091 231 4130 not
243 4081 431 4146 say⁴dolorem.'
442 4081 493 4130 that
510 4085 593 4145 deeper
606 4101 699 4135 reason·
783 4102 822 4152 ²4
840 4091 960 4140 Naturae
996 4091 1098 4140 debita.
1131 4089 1327 4150 Cp.1o.ro.ao

122 4148 175 4194 able
194 4149 255 4212 grief
269 4147 381 4197 whichis
401 4148 493 4210 beyond
514 4148 555 4196 the
576 4165 655 4211 power
673 4151 702 4200 ol'
748 4153 818 4202 ‘Non
832 4161 866 4202 est
885 4155 927 4203 riri
945 4155 1085 4216 minimeque
1102 4156 1204 4204 Romani
1222 4155 1326 4202 dubitare

122 4214 227 4260 outward
238 4215 389 4263 consolation
422 4213 506 4262 Seeon
516 4225 540 4278 9.
551 4225 575 4275 5,
588 4227 627 4264 ra.
748 4221 1005 4284 eumspirimmquem
1022 4229 1117 4270 naturae
1133 4219 1325 4283 debeatpatrise

157 4274 197 4322 16.
216 4279 308 4326 Placet
339 4281 424 4343 igitur
454 4279 532 4330 mihi.
555 4279 601 4324 dcc.
646 4279 699 4326 'Ibe
747 4284 856 4332 reddere.'
908 4347 913 4358 Ι

122 4339 255 4387 conclusion
272 4342 300 4389 of
314 4343 359 4390 this
375 4342 466 4392 oration
483 4342 501 4388 is
518 4341 652 4402 apparently
668 4356 698 4388 an

546 4586 688 4648 A
